%YAML 1.1
%TAG !u! tag:unity3d.com,2011:
--- !u!1 &1667845860038326535
GameObject:
  m_ObjectHideFlags: 0
  m_CorrespondingSourceObject: {fileID: 0}
  m_PrefabInstance: {fileID: 0}
  m_PrefabAsset: {fileID: 0}
  serializedVersion: 6
  m_Component:
  - component: {fileID: 8498341016370241212}
  m_Layer: 0
  m_Name: bush2
  m_TagString: Untagged
  m_Icon: {fileID: 0}
  m_NavMeshLayer: 0
  m_StaticEditorFlags: 0
  m_IsActive: 1
--- !u!4 &8498341016370241212
Transform:
  m_ObjectHideFlags: 0
  m_CorrespondingSourceObject: {fileID: 0}
  m_PrefabInstance: {fileID: 0}
  m_PrefabAsset: {fileID: 0}
  m_GameObject: {fileID: 1667845860038326535}
  m_LocalRotation: {x: 0, y: 0, z: 0, w: 1}
  m_LocalPosition: {x: 0, y: 0, z: 0}
  m_LocalScale: {x: 1, y: 1, z: 1}
  m_Children:
  - {fileID: 1295858509791601933}
  - {fileID: 1295858508674545647}
  - {fileID: 1295858508669771824}
  - {fileID: 1295858510053389776}
  - {fileID: 1295858508530420471}
  - {fileID: 1295858509451335386}
  - {fileID: 1295858508375758506}
  - {fileID: 4102539077618179252}
  - {fileID: 4102539078124026991}
  - {fileID: 4102539078294427644}
  m_Father: {fileID: 0}
  m_RootOrder: 0
  m_LocalEulerAnglesHint: {x: 0, y: 0, z: 0}
--- !u!64 &5122786255189283987
MeshCollider:
  m_ObjectHideFlags: 0
  m_CorrespondingSourceObject: {fileID: 0}
  m_PrefabInstance: {fileID: 0}
  m_PrefabAsset: {fileID: 0}
  m_GameObject: {fileID: 2820687847412193746}
  m_Material: {fileID: 0}
  m_IsTrigger: 0
  m_Enabled: 1
  serializedVersion: 4
  m_Convex: 0
  m_CookingOptions: 30
  m_Mesh: {fileID: -1928204645961537321, guid: a34ae9b6c7827724291fb3063d39b5bc, type: 3}
--- !u!64 &5122786256835464175
MeshCollider:
  m_ObjectHideFlags: 0
  m_CorrespondingSourceObject: {fileID: 0}
  m_PrefabInstance: {fileID: 0}
  m_PrefabAsset: {fileID: 0}
  m_GameObject: {fileID: 2820687848082051738}
  m_Material: {fileID: 0}
  m_IsTrigger: 0
  m_Enabled: 1
  serializedVersion: 4
  m_Convex: 0
  m_CookingOptions: 30
  m_Mesh: {fileID: -1928204645961537321, guid: a34ae9b6c7827724291fb3063d39b5bc, type: 3}
--- !u!1001 &5122786254870042025
PrefabInstance:
  m_ObjectHideFlags: 0
  serializedVersion: 2
  m_Modification:
    m_TransformParent: {fileID: 8498341016370241212}
    m_Modifications:
    - target: {fileID: 5270944045492366935, guid: 3f460ce4f4677024d8381b47f34f0ccb,
        type: 3}
      propertyPath: m_Name
      value: Bush (4)
      objectReference: {fileID: 0}
    - target: {fileID: 5270944045492366935, guid: 3f460ce4f4677024d8381b47f34f0ccb,
        type: 3}
      propertyPath: m_StaticEditorFlags
      value: 8
      objectReference: {fileID: 0}
    - target: {fileID: 5270944045492366935, guid: 3f460ce4f4677024d8381b47f34f0ccb,
        type: 3}
      propertyPath: m_NavMeshLayer
      value: 1
      objectReference: {fileID: 0}
    - target: {fileID: 6263410353169653881, guid: 3f460ce4f4677024d8381b47f34f0ccb,
        type: 3}
      propertyPath: m_LocalPosition.x
      value: 2.5382867
      objectReference: {fileID: 0}
    - target: {fileID: 6263410353169653881, guid: 3f460ce4f4677024d8381b47f34f0ccb,
        type: 3}
      propertyPath: m_LocalPosition.y
      value: 2.2503335
      objectReference: {fileID: 0}
    - target: {fileID: 6263410353169653881, guid: 3f460ce4f4677024d8381b47f34f0ccb,
        type: 3}
      propertyPath: m_LocalPosition.z
      value: -2.9434147
      objectReference: {fileID: 0}
    - target: {fileID: 6263410353169653881, guid: 3f460ce4f4677024d8381b47f34f0ccb,
        type: 3}
      propertyPath: m_LocalRotation.x
      value: -0.69978863
      objectReference: {fileID: 0}
    - target: {fileID: 6263410353169653881, guid: 3f460ce4f4677024d8381b47f34f0ccb,
        type: 3}
      propertyPath: m_LocalRotation.y
      value: -0.098224476
      objectReference: {fileID: 0}
    - target: {fileID: 6263410353169653881, guid: 3f460ce4f4677024d8381b47f34f0ccb,
        type: 3}
      propertyPath: m_LocalRotation.z
      value: -0.101466954
      objectReference: {fileID: 0}
    - target: {fileID: 6263410353169653881, guid: 3f460ce4f4677024d8381b47f34f0ccb,
        type: 3}
      propertyPath: m_LocalRotation.w
      value: 0.70025164
      objectReference: {fileID: 0}
    - target: {fileID: 6263410353169653881, guid: 3f460ce4f4677024d8381b47f34f0ccb,
        type: 3}
      propertyPath: m_RootOrder
      value: 3
      objectReference: {fileID: 0}
    - target: {fileID: 6263410353169653881, guid: 3f460ce4f4677024d8381b47f34f0ccb,
        type: 3}
      propertyPath: m_LocalEulerAnglesHint.x
      value: -90.26399
      objectReference: {fileID: 0}
    - target: {fileID: 6263410353169653881, guid: 3f460ce4f4677024d8381b47f34f0ccb,
        type: 3}
      propertyPath: m_LocalEulerAnglesHint.y
      value: -106.24399
      objectReference: {fileID: 0}
    - target: {fileID: 6263410353169653881, guid: 3f460ce4f4677024d8381b47f34f0ccb,
        type: 3}
      propertyPath: m_LocalEulerAnglesHint.z
      value: 90.008995
      objectReference: {fileID: 0}
    - target: {fileID: 6263410353169653881, guid: 3f460ce4f4677024d8381b47f34f0ccb,
        type: 3}
      propertyPath: m_LocalScale.x
      value: 33.333332
      objectReference: {fileID: 0}
    - target: {fileID: 6263410353169653881, guid: 3f460ce4f4677024d8381b47f34f0ccb,
        type: 3}
      propertyPath: m_LocalScale.y
      value: 33.333336
      objectReference: {fileID: 0}
    - target: {fileID: 6263410353169653881, guid: 3f460ce4f4677024d8381b47f34f0ccb,
        type: 3}
      propertyPath: m_LocalScale.z
      value: 20
      objectReference: {fileID: 0}
    - target: {fileID: 8560527219526967262, guid: 3f460ce4f4677024d8381b47f34f0ccb,
        type: 3}
      propertyPath: m_Materials.Array.data[0]
      value: 
      objectReference: {fileID: 2100000, guid: bedd43b4e9c598640bd616d5d2a1d6d0, type: 2}
    m_RemovedComponents: []
  m_SourcePrefab: {fileID: 100100000, guid: 3f460ce4f4677024d8381b47f34f0ccb, type: 3}
--- !u!4 &1295858510053389776 stripped
Transform:
  m_CorrespondingSourceObject: {fileID: 6263410353169653881, guid: 3f460ce4f4677024d8381b47f34f0ccb,
    type: 3}
  m_PrefabInstance: {fileID: 5122786254870042025}
  m_PrefabAsset: {fileID: 0}
--- !u!1001 &5122786255115240820
PrefabInstance:
  m_ObjectHideFlags: 0
  serializedVersion: 2
  m_Modification:
    m_TransformParent: {fileID: 8498341016370241212}
    m_Modifications:
    - target: {fileID: 5270944045492366935, guid: 3f460ce4f4677024d8381b47f34f0ccb,
        type: 3}
      propertyPath: m_Name
      value: Bush (2)
      objectReference: {fileID: 0}
    - target: {fileID: 5270944045492366935, guid: 3f460ce4f4677024d8381b47f34f0ccb,
        type: 3}
      propertyPath: m_StaticEditorFlags
      value: 8
      objectReference: {fileID: 0}
    - target: {fileID: 5270944045492366935, guid: 3f460ce4f4677024d8381b47f34f0ccb,
        type: 3}
      propertyPath: m_NavMeshLayer
      value: 1
      objectReference: {fileID: 0}
    - target: {fileID: 6263410353169653881, guid: 3f460ce4f4677024d8381b47f34f0ccb,
        type: 3}
      propertyPath: m_LocalPosition.x
      value: 2.7326667
      objectReference: {fileID: 0}
    - target: {fileID: 6263410353169653881, guid: 3f460ce4f4677024d8381b47f34f0ccb,
        type: 3}
      propertyPath: m_LocalPosition.y
      value: 2.331
      objectReference: {fileID: 0}
    - target: {fileID: 6263410353169653881, guid: 3f460ce4f4677024d8381b47f34f0ccb,
        type: 3}
      propertyPath: m_LocalPosition.z
      value: -1.5346668
      objectReference: {fileID: 0}
    - target: {fileID: 6263410353169653881, guid: 3f460ce4f4677024d8381b47f34f0ccb,
        type: 3}
      propertyPath: m_LocalRotation.x
      value: -0.707105
      objectReference: {fileID: 0}
    - target: {fileID: 6263410353169653881, guid: 3f460ce4f4677024d8381b47f34f0ccb,
        type: 3}
      propertyPath: m_LocalRotation.y
      value: 0.0016376841
      objectReference: {fileID: 0}
    - target: {fileID: 6263410353169653881, guid: 3f460ce4f4677024d8381b47f34f0ccb,
        type: 3}
      propertyPath: m_LocalRotation.z
      value: -0.0016376838
      objectReference: {fileID: 0}
    - target: {fileID: 6263410353169653881, guid: 3f460ce4f4677024d8381b47f34f0ccb,
        type: 3}
      propertyPath: m_LocalRotation.w
      value: 0.70710486
      objectReference: {fileID: 0}
    - target: {fileID: 6263410353169653881, guid: 3f460ce4f4677024d8381b47f34f0ccb,
        type: 3}
      propertyPath: m_RootOrder
      value: 0
      objectReference: {fileID: 0}
    - target: {fileID: 6263410353169653881, guid: 3f460ce4f4677024d8381b47f34f0ccb,
        type: 3}
      propertyPath: m_LocalEulerAnglesHint.x
      value: 0
      objectReference: {fileID: 0}
    - target: {fileID: 6263410353169653881, guid: 3f460ce4f4677024d8381b47f34f0ccb,
        type: 3}
      propertyPath: m_LocalEulerAnglesHint.y
      value: 0
      objectReference: {fileID: 0}
    - target: {fileID: 6263410353169653881, guid: 3f460ce4f4677024d8381b47f34f0ccb,
        type: 3}
      propertyPath: m_LocalEulerAnglesHint.z
      value: 0
      objectReference: {fileID: 0}
    - target: {fileID: 6263410353169653881, guid: 3f460ce4f4677024d8381b47f34f0ccb,
        type: 3}
      propertyPath: m_LocalScale.x
      value: 38.08
      objectReference: {fileID: 0}
    - target: {fileID: 6263410353169653881, guid: 3f460ce4f4677024d8381b47f34f0ccb,
        type: 3}
      propertyPath: m_LocalScale.y
      value: 38.08
      objectReference: {fileID: 0}
    - target: {fileID: 6263410353169653881, guid: 3f460ce4f4677024d8381b47f34f0ccb,
        type: 3}
      propertyPath: m_LocalScale.z
      value: 22.848001
      objectReference: {fileID: 0}
    - target: {fileID: 8560527219526967262, guid: 3f460ce4f4677024d8381b47f34f0ccb,
        type: 3}
      propertyPath: m_Materials.Array.data[0]
      value: 
      objectReference: {fileID: 2100000, guid: bedd43b4e9c598640bd616d5d2a1d6d0, type: 2}
    m_RemovedComponents: []
  m_SourcePrefab: {fileID: 100100000, guid: 3f460ce4f4677024d8381b47f34f0ccb, type: 3}
--- !u!4 &1295858509791601933 stripped
Transform:
  m_CorrespondingSourceObject: {fileID: 6263410353169653881, guid: 3f460ce4f4677024d8381b47f34f0ccb,
    type: 3}
  m_PrefabInstance: {fileID: 5122786255115240820}
  m_PrefabAsset: {fileID: 0}
--- !u!1001 &5122786255178955526
PrefabInstance:
  m_ObjectHideFlags: 0
  serializedVersion: 2
  m_Modification:
    m_TransformParent: {fileID: 8498341016370241212}
    m_Modifications:
    - target: {fileID: 6906815224750217237, guid: 6794a545fb355524fa8fedf594b90f2c,
        type: 3}
      propertyPath: m_Materials.Array.data[0]
      value: 
      objectReference: {fileID: 2100000, guid: bedd43b4e9c598640bd616d5d2a1d6d0, type: 2}
    - target: {fileID: 6931834026894354844, guid: 6794a545fb355524fa8fedf594b90f2c,
        type: 3}
      propertyPath: m_Name
      value: Bush 1 (4)
      objectReference: {fileID: 0}
    - target: {fileID: 6931834026894354844, guid: 6794a545fb355524fa8fedf594b90f2c,
        type: 3}
      propertyPath: m_StaticEditorFlags
      value: 8
      objectReference: {fileID: 0}
    - target: {fileID: 6931834026894354844, guid: 6794a545fb355524fa8fedf594b90f2c,
        type: 3}
      propertyPath: m_NavMeshLayer
      value: 1
      objectReference: {fileID: 0}
    - target: {fileID: 9221383548981143474, guid: 6794a545fb355524fa8fedf594b90f2c,
        type: 3}
      propertyPath: m_LocalPosition.x
      value: 2.8486805
      objectReference: {fileID: 0}
    - target: {fileID: 9221383548981143474, guid: 6794a545fb355524fa8fedf594b90f2c,
        type: 3}
      propertyPath: m_LocalPosition.y
      value: 2.3583002
      objectReference: {fileID: 0}
    - target: {fileID: 9221383548981143474, guid: 6794a545fb355524fa8fedf594b90f2c,
        type: 3}
      propertyPath: m_LocalPosition.z
      value: 1.0319402
      objectReference: {fileID: 0}
    - target: {fileID: 9221383548981143474, guid: 6794a545fb355524fa8fedf594b90f2c,
        type: 3}
      propertyPath: m_LocalRotation.x
      value: -0.49929768
      objectReference: {fileID: 0}
    - target: {fileID: 9221383548981143474, guid: 6794a545fb355524fa8fedf594b90f2c,
        type: 3}
      propertyPath: m_LocalRotation.y
      value: 0.4348836
      objectReference: {fileID: 0}
    - target: {fileID: 9221383548981143474, guid: 6794a545fb355524fa8fedf594b90f2c,
        type: 3}
      propertyPath: m_LocalRotation.z
      value: 0.6311881
      objectReference: {fileID: 0}
    - target: {fileID: 9221383548981143474, guid: 6794a545fb355524fa8fedf594b90f2c,
        type: 3}
      propertyPath: m_LocalRotation.w
      value: 0.40395507
      objectReference: {fileID: 0}
    - target: {fileID: 9221383548981143474, guid: 6794a545fb355524fa8fedf594b90f2c,
        type: 3}
      propertyPath: m_RootOrder
      value: 7
      objectReference: {fileID: 0}
    - target: {fileID: 9221383548981143474, guid: 6794a545fb355524fa8fedf594b90f2c,
        type: 3}
      propertyPath: m_LocalEulerAnglesHint.x
      value: -107.754
      objectReference: {fileID: 0}
    - target: {fileID: 9221383548981143474, guid: 6794a545fb355524fa8fedf594b90f2c,
        type: 3}
      propertyPath: m_LocalEulerAnglesHint.y
      value: 113.821
      objectReference: {fileID: 0}
    - target: {fileID: 9221383548981143474, guid: 6794a545fb355524fa8fedf594b90f2c,
        type: 3}
      propertyPath: m_LocalEulerAnglesHint.z
      value: -14.367981
      objectReference: {fileID: 0}
    - target: {fileID: 9221383548981143474, guid: 6794a545fb355524fa8fedf594b90f2c,
        type: 3}
      propertyPath: m_LocalScale.x
      value: 76.912964
      objectReference: {fileID: 0}
    - target: {fileID: 9221383548981143474, guid: 6794a545fb355524fa8fedf594b90f2c,
        type: 3}
      propertyPath: m_LocalScale.y
      value: 54.46493
      objectReference: {fileID: 0}
    - target: {fileID: 9221383548981143474, guid: 6794a545fb355524fa8fedf594b90f2c,
        type: 3}
      propertyPath: m_LocalScale.z
      value: 81.7409
      objectReference: {fileID: 0}
    m_RemovedComponents: []
  m_SourcePrefab: {fileID: 100100000, guid: 6794a545fb355524fa8fedf594b90f2c, type: 3}
--- !u!1 &2820687848082051738 stripped
GameObject:
  m_CorrespondingSourceObject: {fileID: 6931834026894354844, guid: 6794a545fb355524fa8fedf594b90f2c,
    type: 3}
  m_PrefabInstance: {fileID: 5122786255178955526}
  m_PrefabAsset: {fileID: 0}
--- !u!4 &4102539077618179252 stripped
Transform:
  m_CorrespondingSourceObject: {fileID: 9221383548981143474, guid: 6794a545fb355524fa8fedf594b90f2c,
    type: 3}
  m_PrefabInstance: {fileID: 5122786255178955526}
  m_PrefabAsset: {fileID: 0}
--- !u!1001 &5122786255314301006
PrefabInstance:
  m_ObjectHideFlags: 0
  serializedVersion: 2
  m_Modification:
    m_TransformParent: {fileID: 8498341016370241212}
    m_Modifications:
    - target: {fileID: 6906815224750217237, guid: 6794a545fb355524fa8fedf594b90f2c,
        type: 3}
      propertyPath: m_Materials.Array.data[0]
      value: 
      objectReference: {fileID: 2100000, guid: bedd43b4e9c598640bd616d5d2a1d6d0, type: 2}
    - target: {fileID: 6931834026894354844, guid: 6794a545fb355524fa8fedf594b90f2c,
        type: 3}
      propertyPath: m_Name
      value: Bush (8)
      objectReference: {fileID: 0}
    - target: {fileID: 6931834026894354844, guid: 6794a545fb355524fa8fedf594b90f2c,
        type: 3}
      propertyPath: m_StaticEditorFlags
      value: 8
      objectReference: {fileID: 0}
    - target: {fileID: 6931834026894354844, guid: 6794a545fb355524fa8fedf594b90f2c,
        type: 3}
      propertyPath: m_NavMeshLayer
      value: 1
      objectReference: {fileID: 0}
    - target: {fileID: 9221383548981143474, guid: 6794a545fb355524fa8fedf594b90f2c,
        type: 3}
      propertyPath: m_LocalPosition.x
      value: 3.1
      objectReference: {fileID: 0}
    - target: {fileID: 9221383548981143474, guid: 6794a545fb355524fa8fedf594b90f2c,
        type: 3}
      propertyPath: m_LocalPosition.y
      value: 2.1030002
      objectReference: {fileID: 0}
    - target: {fileID: 9221383548981143474, guid: 6794a545fb355524fa8fedf594b90f2c,
        type: 3}
      propertyPath: m_LocalPosition.z
      value: 1.8300002
      objectReference: {fileID: 0}
    - target: {fileID: 9221383548981143474, guid: 6794a545fb355524fa8fedf594b90f2c,
        type: 3}
      propertyPath: m_LocalRotation.x
      value: -0.6477326
      objectReference: {fileID: 0}
    - target: {fileID: 9221383548981143474, guid: 6794a545fb355524fa8fedf594b90f2c,
        type: 3}
      propertyPath: m_LocalRotation.y
      value: -0.06754726
      objectReference: {fileID: 0}
    - target: {fileID: 9221383548981143474, guid: 6794a545fb355524fa8fedf594b90f2c,
        type: 3}
      propertyPath: m_LocalRotation.z
      value: 0.2836237
      objectReference: {fileID: 0}
    - target: {fileID: 9221383548981143474, guid: 6794a545fb355524fa8fedf594b90f2c,
        type: 3}
      propertyPath: m_LocalRotation.w
      value: 0.70387316
      objectReference: {fileID: 0}
    - target: {fileID: 9221383548981143474, guid: 6794a545fb355524fa8fedf594b90f2c,
        type: 3}
      propertyPath: m_RootOrder
      value: 9
      objectReference: {fileID: 0}
    - target: {fileID: 9221383548981143474, guid: 6794a545fb355524fa8fedf594b90f2c,
        type: 3}
      propertyPath: m_LocalEulerAnglesHint.x
      value: -60.871002
      objectReference: {fileID: 0}
    - target: {fileID: 9221383548981143474, guid: 6794a545fb355524fa8fedf594b90f2c,
        type: 3}
      propertyPath: m_LocalEulerAnglesHint.y
      value: -71.834
      objectReference: {fileID: 0}
    - target: {fileID: 9221383548981143474, guid: 6794a545fb355524fa8fedf594b90f2c,
        type: 3}
      propertyPath: m_LocalEulerAnglesHint.z
      value: 90.00001
      objectReference: {fileID: 0}
    - target: {fileID: 9221383548981143474, guid: 6794a545fb355524fa8fedf594b90f2c,
        type: 3}
      propertyPath: m_LocalScale.x
      value: 68.19418
      objectReference: {fileID: 0}
    - target: {fileID: 9221383548981143474, guid: 6794a545fb355524fa8fedf594b90f2c,
        type: 3}
      propertyPath: m_LocalScale.z
      value: 36.378967
      objectReference: {fileID: 0}
    - target: {fileID: 9221383548981143474, guid: 6794a545fb355524fa8fedf594b90f2c,
        type: 3}
      propertyPath: m_LocalScale.y
      value: 52.343285
      objectReference: {fileID: 0}
    m_RemovedComponents: []
  m_SourcePrefab: {fileID: 100100000, guid: 6794a545fb355524fa8fedf594b90f2c, type: 3}
--- !u!1 &2820687847412193746 stripped
GameObject:
  m_CorrespondingSourceObject: {fileID: 6931834026894354844, guid: 6794a545fb355524fa8fedf594b90f2c,
    type: 3}
  m_PrefabInstance: {fileID: 5122786255314301006}
  m_PrefabAsset: {fileID: 0}
--- !u!4 &4102539078294427644 stripped
Transform:
  m_CorrespondingSourceObject: {fileID: 9221383548981143474, guid: 6794a545fb355524fa8fedf594b90f2c,
    type: 3}
  m_PrefabInstance: {fileID: 5122786255314301006}
  m_PrefabAsset: {fileID: 0}
--- !u!1001 &5122786255447127715
PrefabInstance:
  m_ObjectHideFlags: 0
  serializedVersion: 2
  m_Modification:
    m_TransformParent: {fileID: 8498341016370241212}
    m_Modifications:
    - target: {fileID: 5270944045492366935, guid: 3f460ce4f4677024d8381b47f34f0ccb,
        type: 3}
      propertyPath: m_Name
      value: Bush (6)
      objectReference: {fileID: 0}
    - target: {fileID: 5270944045492366935, guid: 3f460ce4f4677024d8381b47f34f0ccb,
        type: 3}
      propertyPath: m_StaticEditorFlags
      value: 8
      objectReference: {fileID: 0}
    - target: {fileID: 5270944045492366935, guid: 3f460ce4f4677024d8381b47f34f0ccb,
        type: 3}
      propertyPath: m_NavMeshLayer
      value: 1
      objectReference: {fileID: 0}
    - target: {fileID: 6263410353169653881, guid: 3f460ce4f4677024d8381b47f34f0ccb,
        type: 3}
      propertyPath: m_LocalPosition.x
      value: 2.4094024
      objectReference: {fileID: 0}
    - target: {fileID: 6263410353169653881, guid: 3f460ce4f4677024d8381b47f34f0ccb,
        type: 3}
      propertyPath: m_LocalPosition.y
      value: 2.209
      objectReference: {fileID: 0}
    - target: {fileID: 6263410353169653881, guid: 3f460ce4f4677024d8381b47f34f0ccb,
        type: 3}
      propertyPath: m_LocalPosition.z
      value: -1.9213591
      objectReference: {fileID: 0}
    - target: {fileID: 6263410353169653881, guid: 3f460ce4f4677024d8381b47f34f0ccb,
        type: 3}
      propertyPath: m_LocalRotation.x
      value: -0.6846208
      objectReference: {fileID: 0}
    - target: {fileID: 6263410353169653881, guid: 3f460ce4f4677024d8381b47f34f0ccb,
        type: 3}
      propertyPath: m_LocalRotation.y
      value: -0.17506066
      objectReference: {fileID: 0}
    - target: {fileID: 6263410353169653881, guid: 3f460ce4f4677024d8381b47f34f0ccb,
        type: 3}
      propertyPath: m_LocalRotation.z
      value: -0.023353023
      objectReference: {fileID: 0}
    - target: {fileID: 6263410353169653881, guid: 3f460ce4f4677024d8381b47f34f0ccb,
        type: 3}
      propertyPath: m_LocalRotation.w
      value: 0.7071794
      objectReference: {fileID: 0}
    - target: {fileID: 6263410353169653881, guid: 3f460ce4f4677024d8381b47f34f0ccb,
        type: 3}
      propertyPath: m_RootOrder
      value: 5
      objectReference: {fileID: 0}
    - target: {fileID: 6263410353169653881, guid: 3f460ce4f4677024d8381b47f34f0ccb,
        type: 3}
      propertyPath: m_LocalEulerAnglesHint.x
      value: -77.548004
      objectReference: {fileID: 0}
    - target: {fileID: 6263410353169653881, guid: 3f460ce4f4677024d8381b47f34f0ccb,
        type: 3}
      propertyPath: m_LocalEulerAnglesHint.y
      value: -89.656006
      objectReference: {fileID: 0}
    - target: {fileID: 6263410353169653881, guid: 3f460ce4f4677024d8381b47f34f0ccb,
        type: 3}
      propertyPath: m_LocalEulerAnglesHint.z
      value: 73.429
      objectReference: {fileID: 0}
    - target: {fileID: 6263410353169653881, guid: 3f460ce4f4677024d8381b47f34f0ccb,
        type: 3}
      propertyPath: m_LocalScale.x
      value: 38.08
      objectReference: {fileID: 0}
    - target: {fileID: 6263410353169653881, guid: 3f460ce4f4677024d8381b47f34f0ccb,
        type: 3}
      propertyPath: m_LocalScale.y
      value: 38.079998
      objectReference: {fileID: 0}
    - target: {fileID: 6263410353169653881, guid: 3f460ce4f4677024d8381b47f34f0ccb,
        type: 3}
      propertyPath: m_LocalScale.z
      value: 30.143373
      objectReference: {fileID: 0}
    - target: {fileID: 8560527219526967262, guid: 3f460ce4f4677024d8381b47f34f0ccb,
        type: 3}
      propertyPath: m_Materials.Array.data[0]
      value: 
      objectReference: {fileID: 2100000, guid: bedd43b4e9c598640bd616d5d2a1d6d0, type: 2}
    m_RemovedComponents: []
  m_SourcePrefab: {fileID: 100100000, guid: 3f460ce4f4677024d8381b47f34f0ccb, type: 3}
--- !u!4 &1295858509451335386 stripped
Transform:
  m_CorrespondingSourceObject: {fileID: 6263410353169653881, guid: 3f460ce4f4677024d8381b47f34f0ccb,
    type: 3}
  m_PrefabInstance: {fileID: 5122786255447127715}
  m_PrefabAsset: {fileID: 0}
--- !u!1001 &5122786255747898333
PrefabInstance:
  m_ObjectHideFlags: 0
  serializedVersion: 2
  m_Modification:
    m_TransformParent: {fileID: 8498341016370241212}
    m_Modifications:
    - target: {fileID: 6906815224750217237, guid: 6794a545fb355524fa8fedf594b90f2c,
        type: 3}
      propertyPath: m_Materials.Array.data[0]
      value: 
      objectReference: {fileID: 2100000, guid: bedd43b4e9c598640bd616d5d2a1d6d0, type: 2}
    - target: {fileID: 6931834026894354844, guid: 6794a545fb355524fa8fedf594b90f2c,
        type: 3}
      propertyPath: m_Name
      value: Bush 1 (5)
      objectReference: {fileID: 0}
    - target: {fileID: 6931834026894354844, guid: 6794a545fb355524fa8fedf594b90f2c,
        type: 3}
      propertyPath: m_StaticEditorFlags
      value: 8
      objectReference: {fileID: 0}
    - target: {fileID: 6931834026894354844, guid: 6794a545fb355524fa8fedf594b90f2c,
        type: 3}
      propertyPath: m_NavMeshLayer
      value: 1
      objectReference: {fileID: 0}
    - target: {fileID: 9221383548981143474, guid: 6794a545fb355524fa8fedf594b90f2c,
        type: 3}
      propertyPath: m_LocalPosition.x
      value: 2.67
      objectReference: {fileID: 0}
    - target: {fileID: 9221383548981143474, guid: 6794a545fb355524fa8fedf594b90f2c,
        type: 3}
      propertyPath: m_LocalPosition.y
      value: 2.2764003
      objectReference: {fileID: 0}
    - target: {fileID: 9221383548981143474, guid: 6794a545fb355524fa8fedf594b90f2c,
        type: 3}
      propertyPath: m_LocalPosition.z
      value: 0.40000004
      objectReference: {fileID: 0}
    - target: {fileID: 9221383548981143474, guid: 6794a545fb355524fa8fedf594b90f2c,
        type: 3}
      propertyPath: m_LocalRotation.x
      value: -0.7127004
      objectReference: {fileID: 0}
    - target: {fileID: 9221383548981143474, guid: 6794a545fb355524fa8fedf594b90f2c,
        type: 3}
      propertyPath: m_LocalRotation.y
      value: 0.03350857
      objectReference: {fileID: 0}
    - target: {fileID: 9221383548981143474, guid: 6794a545fb355524fa8fedf594b90f2c,
        type: 3}
      propertyPath: m_LocalRotation.z
      value: 0.26670903
      objectReference: {fileID: 0}
    - target: {fileID: 9221383548981143474, guid: 6794a545fb355524fa8fedf594b90f2c,
        type: 3}
      propertyPath: m_LocalRotation.w
      value: 0.64792097
      objectReference: {fileID: 0}
    - target: {fileID: 9221383548981143474, guid: 6794a545fb355524fa8fedf594b90f2c,
        type: 3}
      propertyPath: m_RootOrder
      value: 8
      objectReference: {fileID: 0}
    - target: {fileID: 9221383548981143474, guid: 6794a545fb355524fa8fedf594b90f2c,
        type: 3}
      propertyPath: m_LocalEulerAnglesHint.x
      value: -109.708
      objectReference: {fileID: 0}
    - target: {fileID: 9221383548981143474, guid: 6794a545fb355524fa8fedf594b90f2c,
        type: 3}
      propertyPath: m_LocalEulerAnglesHint.y
      value: 86.918
      objectReference: {fileID: 0}
    - target: {fileID: 9221383548981143474, guid: 6794a545fb355524fa8fedf594b90f2c,
        type: 3}
      propertyPath: m_LocalEulerAnglesHint.z
      value: -62.03299
      objectReference: {fileID: 0}
    - target: {fileID: 9221383548981143474, guid: 6794a545fb355524fa8fedf594b90f2c,
        type: 3}
      propertyPath: m_LocalScale.x
      value: 45.46278
      objectReference: {fileID: 0}
    - target: {fileID: 9221383548981143474, guid: 6794a545fb355524fa8fedf594b90f2c,
        type: 3}
      propertyPath: m_LocalScale.y
      value: 34.895523
      objectReference: {fileID: 0}
    - target: {fileID: 9221383548981143474, guid: 6794a545fb355524fa8fedf594b90f2c,
        type: 3}
      propertyPath: m_LocalScale.z
      value: 24.252638
      objectReference: {fileID: 0}
    m_RemovedComponents: []
  m_SourcePrefab: {fileID: 100100000, guid: 6794a545fb355524fa8fedf594b90f2c, type: 3}
--- !u!4 &4102539078124026991 stripped
Transform:
  m_CorrespondingSourceObject: {fileID: 9221383548981143474, guid: 6794a545fb355524fa8fedf594b90f2c,
    type: 3}
  m_PrefabInstance: {fileID: 5122786255747898333}
  m_PrefabAsset: {fileID: 0}
--- !u!1001 &5122786256237068361
PrefabInstance:
  m_ObjectHideFlags: 0
  serializedVersion: 2
  m_Modification:
    m_TransformParent: {fileID: 8498341016370241212}
    m_Modifications:
    - target: {fileID: 5270944045492366935, guid: 3f460ce4f4677024d8381b47f34f0ccb,
        type: 3}
      propertyPath: m_Name
      value: Bush
      objectReference: {fileID: 0}
    - target: {fileID: 5270944045492366935, guid: 3f460ce4f4677024d8381b47f34f0ccb,
        type: 3}
      propertyPath: m_StaticEditorFlags
      value: 8
      objectReference: {fileID: 0}
    - target: {fileID: 5270944045492366935, guid: 3f460ce4f4677024d8381b47f34f0ccb,
        type: 3}
      propertyPath: m_NavMeshLayer
      value: 1
      objectReference: {fileID: 0}
    - target: {fileID: 6263410353169653881, guid: 3f460ce4f4677024d8381b47f34f0ccb,
        type: 3}
      propertyPath: m_LocalPosition.x
      value: 2.5
      objectReference: {fileID: 0}
    - target: {fileID: 6263410353169653881, guid: 3f460ce4f4677024d8381b47f34f0ccb,
        type: 3}
      propertyPath: m_LocalPosition.y
      value: 2.119
      objectReference: {fileID: 0}
    - target: {fileID: 6263410353169653881, guid: 3f460ce4f4677024d8381b47f34f0ccb,
        type: 3}
      propertyPath: m_LocalPosition.z
      value: -0.6553401
      objectReference: {fileID: 0}
    - target: {fileID: 6263410353169653881, guid: 3f460ce4f4677024d8381b47f34f0ccb,
        type: 3}
      propertyPath: m_LocalRotation.x
      value: -0.707105
      objectReference: {fileID: 0}
    - target: {fileID: 6263410353169653881, guid: 3f460ce4f4677024d8381b47f34f0ccb,
        type: 3}
      propertyPath: m_LocalRotation.y
      value: 0.0016376841
      objectReference: {fileID: 0}
    - target: {fileID: 6263410353169653881, guid: 3f460ce4f4677024d8381b47f34f0ccb,
        type: 3}
      propertyPath: m_LocalRotation.z
      value: -0.0016376838
      objectReference: {fileID: 0}
    - target: {fileID: 6263410353169653881, guid: 3f460ce4f4677024d8381b47f34f0ccb,
        type: 3}
      propertyPath: m_LocalRotation.w
      value: 0.70710486
      objectReference: {fileID: 0}
    - target: {fileID: 6263410353169653881, guid: 3f460ce4f4677024d8381b47f34f0ccb,
        type: 3}
      propertyPath: m_RootOrder
      value: 2
      objectReference: {fileID: 0}
    - target: {fileID: 6263410353169653881, guid: 3f460ce4f4677024d8381b47f34f0ccb,
        type: 3}
      propertyPath: m_LocalEulerAnglesHint.x
      value: 0
      objectReference: {fileID: 0}
    - target: {fileID: 6263410353169653881, guid: 3f460ce4f4677024d8381b47f34f0ccb,
        type: 3}
      propertyPath: m_LocalEulerAnglesHint.y
      value: 0
      objectReference: {fileID: 0}
    - target: {fileID: 6263410353169653881, guid: 3f460ce4f4677024d8381b47f34f0ccb,
        type: 3}
      propertyPath: m_LocalEulerAnglesHint.z
      value: 0
      objectReference: {fileID: 0}
    - target: {fileID: 6263410353169653881, guid: 3f460ce4f4677024d8381b47f34f0ccb,
        type: 3}
      propertyPath: m_LocalScale.x
      value: 44.859997
      objectReference: {fileID: 0}
    - target: {fileID: 6263410353169653881, guid: 3f460ce4f4677024d8381b47f34f0ccb,
        type: 3}
      propertyPath: m_LocalScale.y
      value: 44.86
      objectReference: {fileID: 0}
    - target: {fileID: 6263410353169653881, guid: 3f460ce4f4677024d8381b47f34f0ccb,
        type: 3}
      propertyPath: m_LocalScale.z
      value: 46.352043
      objectReference: {fileID: 0}
    - target: {fileID: 8560527219526967262, guid: 3f460ce4f4677024d8381b47f34f0ccb,
        type: 3}
      propertyPath: m_Materials.Array.data[0]
      value: 
      objectReference: {fileID: 2100000, guid: bedd43b4e9c598640bd616d5d2a1d6d0, type: 2}
    m_RemovedComponents: []
  m_SourcePrefab: {fileID: 100100000, guid: 3f460ce4f4677024d8381b47f34f0ccb, type: 3}
--- !u!4 &1295858508669771824 stripped
Transform:
  m_CorrespondingSourceObject: {fileID: 6263410353169653881, guid: 3f460ce4f4677024d8381b47f34f0ccb,
    type: 3}
  m_PrefabInstance: {fileID: 5122786256237068361}
  m_PrefabAsset: {fileID: 0}
--- !u!1001 &5122786256242661270
PrefabInstance:
  m_ObjectHideFlags: 0
  serializedVersion: 2
  m_Modification:
    m_TransformParent: {fileID: 8498341016370241212}
    m_Modifications:
    - target: {fileID: 5270944045492366935, guid: 3f460ce4f4677024d8381b47f34f0ccb,
        type: 3}
      propertyPath: m_Name
      value: Bush (3)
      objectReference: {fileID: 0}
    - target: {fileID: 5270944045492366935, guid: 3f460ce4f4677024d8381b47f34f0ccb,
        type: 3}
      propertyPath: m_StaticEditorFlags
      value: 8
      objectReference: {fileID: 0}
    - target: {fileID: 5270944045492366935, guid: 3f460ce4f4677024d8381b47f34f0ccb,
        type: 3}
      propertyPath: m_NavMeshLayer
      value: 1
      objectReference: {fileID: 0}
    - target: {fileID: 6263410353169653881, guid: 3f460ce4f4677024d8381b47f34f0ccb,
        type: 3}
      propertyPath: m_LocalPosition.x
      value: 2.5866668
      objectReference: {fileID: 0}
    - target: {fileID: 6263410353169653881, guid: 3f460ce4f4677024d8381b47f34f0ccb,
        type: 3}
      propertyPath: m_LocalPosition.y
      value: 2.2263334
      objectReference: {fileID: 0}
    - target: {fileID: 6263410353169653881, guid: 3f460ce4f4677024d8381b47f34f0ccb,
        type: 3}
      propertyPath: m_LocalPosition.z
      value: -0.06666668
      objectReference: {fileID: 0}
    - target: {fileID: 6263410353169653881, guid: 3f460ce4f4677024d8381b47f34f0ccb,
        type: 3}
      propertyPath: m_LocalRotation.x
      value: -0.707105
      objectReference: {fileID: 0}
    - target: {fileID: 6263410353169653881, guid: 3f460ce4f4677024d8381b47f34f0ccb,
        type: 3}
      propertyPath: m_LocalRotation.y
      value: 0.0016376841
      objectReference: {fileID: 0}
    - target: {fileID: 6263410353169653881, guid: 3f460ce4f4677024d8381b47f34f0ccb,
        type: 3}
      propertyPath: m_LocalRotation.z
      value: -0.0016376838
      objectReference: {fileID: 0}
    - target: {fileID: 6263410353169653881, guid: 3f460ce4f4677024d8381b47f34f0ccb,
        type: 3}
      propertyPath: m_LocalRotation.w
      value: 0.70710486
      objectReference: {fileID: 0}
    - target: {fileID: 6263410353169653881, guid: 3f460ce4f4677024d8381b47f34f0ccb,
        type: 3}
      propertyPath: m_RootOrder
      value: 1
      objectReference: {fileID: 0}
    - target: {fileID: 6263410353169653881, guid: 3f460ce4f4677024d8381b47f34f0ccb,
        type: 3}
      propertyPath: m_LocalEulerAnglesHint.x
      value: 0
      objectReference: {fileID: 0}
    - target: {fileID: 6263410353169653881, guid: 3f460ce4f4677024d8381b47f34f0ccb,
        type: 3}
      propertyPath: m_LocalEulerAnglesHint.y
      value: 0
      objectReference: {fileID: 0}
    - target: {fileID: 6263410353169653881, guid: 3f460ce4f4677024d8381b47f34f0ccb,
        type: 3}
      propertyPath: m_LocalEulerAnglesHint.z
      value: 0
      objectReference: {fileID: 0}
    - target: {fileID: 6263410353169653881, guid: 3f460ce4f4677024d8381b47f34f0ccb,
        type: 3}
      propertyPath: m_LocalScale.x
      value: 38.08
      objectReference: {fileID: 0}
    - target: {fileID: 6263410353169653881, guid: 3f460ce4f4677024d8381b47f34f0ccb,
        type: 3}
      propertyPath: m_LocalScale.y
      value: 38.08
      objectReference: {fileID: 0}
    - target: {fileID: 6263410353169653881, guid: 3f460ce4f4677024d8381b47f34f0ccb,
        type: 3}
      propertyPath: m_LocalScale.z
      value: 22.848001
      objectReference: {fileID: 0}
    - target: {fileID: 8560527219526967262, guid: 3f460ce4f4677024d8381b47f34f0ccb,
        type: 3}
      propertyPath: m_Materials.Array.data[0]
      value: 
      objectReference: {fileID: 2100000, guid: bedd43b4e9c598640bd616d5d2a1d6d0, type: 2}
    m_RemovedComponents: []
  m_SourcePrefab: {fileID: 100100000, guid: 3f460ce4f4677024d8381b47f34f0ccb, type: 3}
--- !u!4 &1295858508674545647 stripped
Transform:
  m_CorrespondingSourceObject: {fileID: 6263410353169653881, guid: 3f460ce4f4677024d8381b47f34f0ccb,
    type: 3}
  m_PrefabInstance: {fileID: 5122786256242661270}
  m_PrefabAsset: {fileID: 0}
--- !u!1001 &5122786256370133646
PrefabInstance:
  m_ObjectHideFlags: 0
  serializedVersion: 2
  m_Modification:
    m_TransformParent: {fileID: 8498341016370241212}
    m_Modifications:
    - target: {fileID: 5270944045492366935, guid: 3f460ce4f4677024d8381b47f34f0ccb,
        type: 3}
      propertyPath: m_Name
      value: Bush (5)
      objectReference: {fileID: 0}
    - target: {fileID: 5270944045492366935, guid: 3f460ce4f4677024d8381b47f34f0ccb,
        type: 3}
      propertyPath: m_StaticEditorFlags
      value: 8
      objectReference: {fileID: 0}
    - target: {fileID: 5270944045492366935, guid: 3f460ce4f4677024d8381b47f34f0ccb,
        type: 3}
      propertyPath: m_NavMeshLayer
      value: 1
      objectReference: {fileID: 0}
    - target: {fileID: 6263410353169653881, guid: 3f460ce4f4677024d8381b47f34f0ccb,
        type: 3}
      propertyPath: m_LocalPosition.x
      value: 2.46
      objectReference: {fileID: 0}
    - target: {fileID: 6263410353169653881, guid: 3f460ce4f4677024d8381b47f34f0ccb,
        type: 3}
      propertyPath: m_LocalPosition.y
      value: 2.269
      objectReference: {fileID: 0}
    - target: {fileID: 6263410353169653881, guid: 3f460ce4f4677024d8381b47f34f0ccb,
        type: 3}
      propertyPath: m_LocalPosition.z
      value: -3.519
      objectReference: {fileID: 0}
    - target: {fileID: 6263410353169653881, guid: 3f460ce4f4677024d8381b47f34f0ccb,
        type: 3}
      propertyPath: m_LocalRotation.x
      value: -0.69978863
      objectReference: {fileID: 0}
    - target: {fileID: 6263410353169653881, guid: 3f460ce4f4677024d8381b47f34f0ccb,
        type: 3}
      propertyPath: m_LocalRotation.y
      value: -0.098224476
      objectReference: {fileID: 0}
    - target: {fileID: 6263410353169653881, guid: 3f460ce4f4677024d8381b47f34f0ccb,
        type: 3}
      propertyPath: m_LocalRotation.z
      value: -0.101466954
      objectReference: {fileID: 0}
    - target: {fileID: 6263410353169653881, guid: 3f460ce4f4677024d8381b47f34f0ccb,
        type: 3}
      propertyPath: m_LocalRotation.w
      value: 0.70025164
      objectReference: {fileID: 0}
    - target: {fileID: 6263410353169653881, guid: 3f460ce4f4677024d8381b47f34f0ccb,
        type: 3}
      propertyPath: m_RootOrder
      value: 4
      objectReference: {fileID: 0}
    - target: {fileID: 6263410353169653881, guid: 3f460ce4f4677024d8381b47f34f0ccb,
        type: 3}
      propertyPath: m_LocalEulerAnglesHint.x
      value: -90.26399
      objectReference: {fileID: 0}
    - target: {fileID: 6263410353169653881, guid: 3f460ce4f4677024d8381b47f34f0ccb,
        type: 3}
      propertyPath: m_LocalEulerAnglesHint.y
      value: -106.24399
      objectReference: {fileID: 0}
    - target: {fileID: 6263410353169653881, guid: 3f460ce4f4677024d8381b47f34f0ccb,
        type: 3}
      propertyPath: m_LocalEulerAnglesHint.z
      value: 90.008995
      objectReference: {fileID: 0}
    - target: {fileID: 6263410353169653881, guid: 3f460ce4f4677024d8381b47f34f0ccb,
        type: 3}
      propertyPath: m_LocalScale.x
      value: 38.08
      objectReference: {fileID: 0}
    - target: {fileID: 6263410353169653881, guid: 3f460ce4f4677024d8381b47f34f0ccb,
        type: 3}
      propertyPath: m_LocalScale.y
      value: 38.08
      objectReference: {fileID: 0}
    - target: {fileID: 6263410353169653881, guid: 3f460ce4f4677024d8381b47f34f0ccb,
        type: 3}
      propertyPath: m_LocalScale.z
      value: 22.848001
      objectReference: {fileID: 0}
    - target: {fileID: 8560527219526967262, guid: 3f460ce4f4677024d8381b47f34f0ccb,
        type: 3}
      propertyPath: m_Materials.Array.data[0]
      value: 
      objectReference: {fileID: 2100000, guid: bedd43b4e9c598640bd616d5d2a1d6d0, type: 2}
    m_RemovedComponents: []
  m_SourcePrefab: {fileID: 100100000, guid: 3f460ce4f4677024d8381b47f34f0ccb, type: 3}
--- !u!4 &1295858508530420471 stripped
Transform:
  m_CorrespondingSourceObject: {fileID: 6263410353169653881, guid: 3f460ce4f4677024d8381b47f34f0ccb,
    type: 3}
  m_PrefabInstance: {fileID: 5122786256370133646}
  m_PrefabAsset: {fileID: 0}
--- !u!1001 &5122786256547870419
PrefabInstance:
  m_ObjectHideFlags: 0
  serializedVersion: 2
  m_Modification:
    m_TransformParent: {fileID: 8498341016370241212}
    m_Modifications:
    - target: {fileID: 5270944045492366935, guid: 3f460ce4f4677024d8381b47f34f0ccb,
        type: 3}
      propertyPath: m_Name
      value: Bush (7)
      objectReference: {fileID: 0}
    - target: {fileID: 5270944045492366935, guid: 3f460ce4f4677024d8381b47f34f0ccb,
        type: 3}
      propertyPath: m_StaticEditorFlags
      value: 8
      objectReference: {fileID: 0}
    - target: {fileID: 5270944045492366935, guid: 3f460ce4f4677024d8381b47f34f0ccb,
        type: 3}
      propertyPath: m_NavMeshLayer
      value: 1
      objectReference: {fileID: 0}
    - target: {fileID: 6263410353169653881, guid: 3f460ce4f4677024d8381b47f34f0ccb,
        type: 3}
      propertyPath: m_LocalPosition.x
      value: 2.4907708
      objectReference: {fileID: 0}
    - target: {fileID: 6263410353169653881, guid: 3f460ce4f4677024d8381b47f34f0ccb,
        type: 3}
      propertyPath: m_LocalPosition.y
      value: 2.257
      objectReference: {fileID: 0}
    - target: {fileID: 6263410353169653881, guid: 3f460ce4f4677024d8381b47f34f0ccb,
        type: 3}
      propertyPath: m_LocalPosition.z
      value: -2.510785
      objectReference: {fileID: 0}
    - target: {fileID: 6263410353169653881, guid: 3f460ce4f4677024d8381b47f34f0ccb,
        type: 3}
      propertyPath: m_LocalRotation.x
      value: -0.69978863
      objectReference: {fileID: 0}
    - target: {fileID: 6263410353169653881, guid: 3f460ce4f4677024d8381b47f34f0ccb,
        type: 3}
      propertyPath: m_LocalRotation.y
      value: -0.098224476
      objectReference: {fileID: 0}
    - target: {fileID: 6263410353169653881, guid: 3f460ce4f4677024d8381b47f34f0ccb,
        type: 3}
      propertyPath: m_LocalRotation.z
      value: -0.101466954
      objectReference: {fileID: 0}
    - target: {fileID: 6263410353169653881, guid: 3f460ce4f4677024d8381b47f34f0ccb,
        type: 3}
      propertyPath: m_LocalRotation.w
      value: 0.70025164
      objectReference: {fileID: 0}
    - target: {fileID: 6263410353169653881, guid: 3f460ce4f4677024d8381b47f34f0ccb,
        type: 3}
      propertyPath: m_RootOrder
      value: 6
      objectReference: {fileID: 0}
    - target: {fileID: 6263410353169653881, guid: 3f460ce4f4677024d8381b47f34f0ccb,
        type: 3}
      propertyPath: m_LocalEulerAnglesHint.x
      value: -90.26399
      objectReference: {fileID: 0}
    - target: {fileID: 6263410353169653881, guid: 3f460ce4f4677024d8381b47f34f0ccb,
        type: 3}
      propertyPath: m_LocalEulerAnglesHint.y
      value: -106.24399
      objectReference: {fileID: 0}
    - target: {fileID: 6263410353169653881, guid: 3f460ce4f4677024d8381b47f34f0ccb,
        type: 3}
      propertyPath: m_LocalEulerAnglesHint.z
      value: 90.008995
      objectReference: {fileID: 0}
    - target: {fileID: 6263410353169653881, guid: 3f460ce4f4677024d8381b47f34f0ccb,
        type: 3}
      propertyPath: m_LocalScale.x
      value: 33.333332
      objectReference: {fileID: 0}
    - target: {fileID: 6263410353169653881, guid: 3f460ce4f4677024d8381b47f34f0ccb,
        type: 3}
      propertyPath: m_LocalScale.y
      value: 33.333336
      objectReference: {fileID: 0}
    - target: {fileID: 6263410353169653881, guid: 3f460ce4f4677024d8381b47f34f0ccb,
        type: 3}
      propertyPath: m_LocalScale.z
      value: 29.952
      objectReference: {fileID: 0}
    - target: {fileID: 8560527219526967262, guid: 3f460ce4f4677024d8381b47f34f0ccb,
        type: 3}
      propertyPath: m_Materials.Array.data[0]
      value: 
      objectReference: {fileID: 2100000, guid: bedd43b4e9c598640bd616d5d2a1d6d0, type: 2}
    m_RemovedComponents: []
  m_SourcePrefab: {fileID: 100100000, guid: 3f460ce4f4677024d8381b47f34f0ccb, type: 3}
--- !u!4 &1295858508375758506 stripped
Transform:
  m_CorrespondingSourceObject: {fileID: 6263410353169653881, guid: 3f460ce4f4677024d8381b47f34f0ccb,
    type: 3}
  m_PrefabInstance: {fileID: 5122786256547870419}
  m_PrefabAsset: {fileID: 0}
