%YAML 1.1
%TAG !u! tag:unity3d.com,2011:
--- !u!1 &6605355664042174565
GameObject:
  m_ObjectHideFlags: 0
  m_CorrespondingSourceObject: {fileID: 0}
  m_PrefabInstance: {fileID: 0}
  m_PrefabAsset: {fileID: 0}
  serializedVersion: 6
  m_Component:
  - component: {fileID: 3462321732648549679}
  m_Layer: 0
  m_Name: bush1
  m_TagString: Untagged
  m_Icon: {fileID: 0}
  m_NavMeshLayer: 0
  m_StaticEditorFlags: 0
  m_IsActive: 1
--- !u!4 &3462321732648549679
Transform:
  m_ObjectHideFlags: 0
  m_CorrespondingSourceObject: {fileID: 0}
  m_PrefabInstance: {fileID: 0}
  m_PrefabAsset: {fileID: 0}
  m_GameObject: {fileID: 6605355664042174565}
  m_LocalRotation: {x: 0, y: 0, z: 0, w: 1}
  m_LocalPosition: {x: 0, y: 0, z: 0}
  m_LocalScale: {x: 1, y: 1, z: 1}
  m_Children:
  - {fileID: 4336980979501936313}
  - {fileID: 4336980978510728757}
  - {fileID: 4336980978231857474}
  - {fileID: 4336980977724131705}
  - {fileID: 4336980978439062662}
  - {fileID: 4336980977873815987}
  - {fileID: 4336980978797884163}
  - {fileID: 4336980979091156260}
  - {fileID: 1523616095578109364}
  - {fileID: 1523616096153337683}
  - {fileID: 1523616096413293850}
  m_Father: {fileID: 0}
  m_RootOrder: 0
  m_LocalEulerAnglesHint: {x: 0, y: 0, z: 0}
--- !u!64 &7700055572093289522
MeshCollider:
  m_ObjectHideFlags: 0
  m_CorrespondingSourceObject: {fileID: 0}
  m_PrefabInstance: {fileID: 0}
  m_PrefabAsset: {fileID: 0}
  m_GameObject: {fileID: 787784606780111770}
  m_Material: {fileID: 0}
  m_IsTrigger: 0
  m_Enabled: 1
  serializedVersion: 4
  m_Convex: 0
  m_CookingOptions: 30
  m_Mesh: {fileID: -1928204645961537321, guid: a34ae9b6c7827724291fb3063d39b5bc, type: 3}
--- !u!64 &7700055572093289523
MeshCollider:
  m_ObjectHideFlags: 0
  m_CorrespondingSourceObject: {fileID: 0}
  m_PrefabInstance: {fileID: 0}
  m_PrefabAsset: {fileID: 0}
  m_GameObject: {fileID: 787784606780111770}
  m_Material: {fileID: 0}
  m_IsTrigger: 0
  m_Enabled: 1
  serializedVersion: 4
  m_Convex: 0
  m_CookingOptions: 30
  m_Mesh: {fileID: -1928204645961537321, guid: a34ae9b6c7827724291fb3063d39b5bc, type: 3}
--- !u!64 &7700055572157777838
MeshCollider:
  m_ObjectHideFlags: 0
  m_CorrespondingSourceObject: {fileID: 0}
  m_PrefabInstance: {fileID: 0}
  m_PrefabAsset: {fileID: 0}
  m_GameObject: {fileID: 787784608160641405}
  m_Material: {fileID: 0}
  m_IsTrigger: 0
  m_Enabled: 1
  serializedVersion: 4
  m_Convex: 0
  m_CookingOptions: 30
  m_Mesh: {fileID: -1928204645961537321, guid: a34ae9b6c7827724291fb3063d39b5bc, type: 3}
--- !u!64 &7700055572271287607
MeshCollider:
  m_ObjectHideFlags: 0
  m_CorrespondingSourceObject: {fileID: 0}
  m_PrefabInstance: {fileID: 0}
  m_PrefabAsset: {fileID: 0}
  m_GameObject: {fileID: 2592437388155914071}
  m_Material: {fileID: 0}
  m_IsTrigger: 0
  m_Enabled: 1
  serializedVersion: 4
  m_Convex: 0
  m_CookingOptions: 30
  m_Mesh: {fileID: -1928204645961537321, guid: a34ae9b6c7827724291fb3063d39b5bc, type: 3}
--- !u!64 &7700055572907112354
MeshCollider:
  m_ObjectHideFlags: 0
  m_CorrespondingSourceObject: {fileID: 0}
  m_PrefabInstance: {fileID: 0}
  m_PrefabAsset: {fileID: 0}
  m_GameObject: {fileID: 2592437388323102871}
  m_Material: {fileID: 0}
  m_IsTrigger: 0
  m_Enabled: 1
  serializedVersion: 4
  m_Convex: 0
  m_CookingOptions: 30
  m_Mesh: {fileID: -1928204645961537321, guid: a34ae9b6c7827724291fb3063d39b5bc, type: 3}
--- !u!64 &7700055573072858573
MeshCollider:
  m_ObjectHideFlags: 0
  m_CorrespondingSourceObject: {fileID: 0}
  m_PrefabInstance: {fileID: 0}
  m_PrefabAsset: {fileID: 0}
  m_GameObject: {fileID: 2592437388004132765}
  m_Material: {fileID: 0}
  m_IsTrigger: 0
  m_Enabled: 1
  serializedVersion: 4
  m_Convex: 0
  m_CookingOptions: 30
  m_Mesh: {fileID: -1928204645961537321, guid: a34ae9b6c7827724291fb3063d39b5bc, type: 3}
--- !u!64 &7700055573663897589
MeshCollider:
  m_ObjectHideFlags: 0
  m_CorrespondingSourceObject: {fileID: 0}
  m_PrefabInstance: {fileID: 0}
  m_PrefabAsset: {fileID: 0}
  m_GameObject: {fileID: 787784607900504884}
  m_Material: {fileID: 0}
  m_IsTrigger: 0
  m_Enabled: 1
  serializedVersion: 4
  m_Convex: 0
  m_CookingOptions: 30
  m_Mesh: {fileID: -1928204645961537321, guid: a34ae9b6c7827724291fb3063d39b5bc, type: 3}
--- !u!64 &7700055573677411434
MeshCollider:
  m_ObjectHideFlags: 0
  m_CorrespondingSourceObject: {fileID: 0}
  m_PrefabInstance: {fileID: 0}
  m_PrefabAsset: {fileID: 0}
  m_GameObject: {fileID: 2592437387569454956}
  m_Material: {fileID: 0}
  m_IsTrigger: 0
  m_Enabled: 1
  serializedVersion: 4
  m_Convex: 0
  m_CookingOptions: 30
  m_Mesh: {fileID: -1928204645961537321, guid: a34ae9b6c7827724291fb3063d39b5bc, type: 3}
--- !u!64 &7700055573929087407
MeshCollider:
  m_ObjectHideFlags: 0
  m_CorrespondingSourceObject: {fileID: 0}
  m_PrefabInstance: {fileID: 0}
  m_PrefabAsset: {fileID: 0}
  m_GameObject: {fileID: 2592437389229669677}
  m_Material: {fileID: 0}
  m_IsTrigger: 0
  m_Enabled: 1
  serializedVersion: 4
  m_Convex: 0
  m_CookingOptions: 30
  m_Mesh: {fileID: -1928204645961537321, guid: a34ae9b6c7827724291fb3063d39b5bc, type: 3}
--- !u!64 &7700055573929087392
MeshCollider:
  m_ObjectHideFlags: 0
  m_CorrespondingSourceObject: {fileID: 0}
  m_PrefabInstance: {fileID: 0}
  m_PrefabAsset: {fileID: 0}
  m_GameObject: {fileID: 2592437389229669677}
  m_Material: {fileID: 0}
  m_IsTrigger: 0
  m_Enabled: 1
  serializedVersion: 4
  m_Convex: 0
  m_CookingOptions: 30
  m_Mesh: {fileID: -1928204645961537321, guid: a34ae9b6c7827724291fb3063d39b5bc, type: 3}
--- !u!64 &7700055573951697841
MeshCollider:
  m_ObjectHideFlags: 0
  m_CorrespondingSourceObject: {fileID: 0}
  m_PrefabInstance: {fileID: 0}
  m_PrefabAsset: {fileID: 0}
  m_GameObject: {fileID: 2592437387298865179}
  m_Material: {fileID: 0}
  m_IsTrigger: 0
  m_Enabled: 1
  serializedVersion: 4
  m_Convex: 0
  m_CookingOptions: 30
  m_Mesh: {fileID: -1928204645961537321, guid: a34ae9b6c7827724291fb3063d39b5bc, type: 3}
--- !u!64 &7700055574004385392
MeshCollider:
  m_ObjectHideFlags: 0
  m_CorrespondingSourceObject: {fileID: 0}
  m_PrefabInstance: {fileID: 0}
  m_PrefabAsset: {fileID: 0}
  m_GameObject: {fileID: 2592437388734931722}
  m_Material: {fileID: 0}
  m_IsTrigger: 0
  m_Enabled: 1
  serializedVersion: 4
  m_Convex: 0
  m_CookingOptions: 30
  m_Mesh: {fileID: -1928204645961537321, guid: a34ae9b6c7827724291fb3063d39b5bc, type: 3}
--- !u!64 &7700055574070458169
MeshCollider:
  m_ObjectHideFlags: 0
  m_CorrespondingSourceObject: {fileID: 0}
  m_PrefabInstance: {fileID: 0}
  m_PrefabAsset: {fileID: 0}
  m_GameObject: {fileID: 2592437387239525032}
  m_Material: {fileID: 0}
  m_IsTrigger: 0
  m_Enabled: 1
  serializedVersion: 4
  m_Convex: 0
  m_CookingOptions: 30
  m_Mesh: {fileID: -1928204645961537321, guid: a34ae9b6c7827724291fb3063d39b5bc, type: 3}
--- !u!1001 &7700055572136644288
PrefabInstance:
  m_ObjectHideFlags: 0
  serializedVersion: 2
  m_Modification:
    m_TransformParent: {fileID: 3462321732648549679}
    m_Modifications:
    - target: {fileID: 5270944045492366935, guid: 3f460ce4f4677024d8381b47f34f0ccb,
        type: 3}
      propertyPath: m_Name
      value: Bush (9)
      objectReference: {fileID: 0}
    - target: {fileID: 6263410353169653881, guid: 3f460ce4f4677024d8381b47f34f0ccb,
        type: 3}
      propertyPath: m_LocalPosition.x
      value: 3.3773057
      objectReference: {fileID: 0}
    - target: {fileID: 6263410353169653881, guid: 3f460ce4f4677024d8381b47f34f0ccb,
        type: 3}
      propertyPath: m_LocalPosition.y
      value: 2.144477
      objectReference: {fileID: 0}
    - target: {fileID: 6263410353169653881, guid: 3f460ce4f4677024d8381b47f34f0ccb,
        type: 3}
      propertyPath: m_LocalPosition.z
      value: 10.640429
      objectReference: {fileID: 0}
    - target: {fileID: 6263410353169653881, guid: 3f460ce4f4677024d8381b47f34f0ccb,
        type: 3}
      propertyPath: m_LocalRotation.x
      value: -0.1348502
      objectReference: {fileID: 0}
    - target: {fileID: 6263410353169653881, guid: 3f460ce4f4677024d8381b47f34f0ccb,
        type: 3}
      propertyPath: m_LocalRotation.y
      value: 0.7022616
      objectReference: {fileID: 0}
    - target: {fileID: 6263410353169653881, guid: 3f460ce4f4677024d8381b47f34f0ccb,
        type: 3}
      propertyPath: m_LocalRotation.z
      value: 0.68764573
      objectReference: {fileID: 0}
    - target: {fileID: 6263410353169653881, guid: 3f460ce4f4677024d8381b47f34f0ccb,
        type: 3}
      propertyPath: m_LocalRotation.w
      value: 0.12564808
      objectReference: {fileID: 0}
    - target: {fileID: 6263410353169653881, guid: 3f460ce4f4677024d8381b47f34f0ccb,
        type: 3}
      propertyPath: m_RootOrder
      value: 0
      objectReference: {fileID: 0}
    - target: {fileID: 6263410353169653881, guid: 3f460ce4f4677024d8381b47f34f0ccb,
        type: 3}
      propertyPath: m_LocalEulerAnglesHint.x
      value: -91.398994
      objectReference: {fileID: 0}
    - target: {fileID: 6263410353169653881, guid: 3f460ce4f4677024d8381b47f34f0ccb,
        type: 3}
      propertyPath: m_LocalEulerAnglesHint.y
      value: 21.578995
      objectReference: {fileID: 0}
    - target: {fileID: 6263410353169653881, guid: 3f460ce4f4677024d8381b47f34f0ccb,
        type: 3}
      propertyPath: m_LocalEulerAnglesHint.z
      value: 137.19
      objectReference: {fileID: 0}
    - target: {fileID: 6263410353169653881, guid: 3f460ce4f4677024d8381b47f34f0ccb,
        type: 3}
      propertyPath: m_LocalScale.x
      value: 33.333332
      objectReference: {fileID: 0}
    - target: {fileID: 6263410353169653881, guid: 3f460ce4f4677024d8381b47f34f0ccb,
        type: 3}
      propertyPath: m_LocalScale.y
      value: 33.333332
      objectReference: {fileID: 0}
    - target: {fileID: 6263410353169653881, guid: 3f460ce4f4677024d8381b47f34f0ccb,
        type: 3}
      propertyPath: m_LocalScale.z
      value: 20
      objectReference: {fileID: 0}
    m_RemovedComponents: []
  m_SourcePrefab: {fileID: 100100000, guid: 3f460ce4f4677024d8381b47f34f0ccb, type: 3}
--- !u!1 &2592437388323102871 stripped
GameObject:
  m_CorrespondingSourceObject: {fileID: 5270944045492366935, guid: 3f460ce4f4677024d8381b47f34f0ccb,
    type: 3}
  m_PrefabInstance: {fileID: 7700055572136644288}
  m_PrefabAsset: {fileID: 0}
--- !u!4 &4336980979501936313 stripped
Transform:
  m_CorrespondingSourceObject: {fileID: 6263410353169653881, guid: 3f460ce4f4677024d8381b47f34f0ccb,
    type: 3}
  m_PrefabInstance: {fileID: 7700055572136644288}
  m_PrefabAsset: {fileID: 0}
--- !u!1001 &7700055572530646365
PrefabInstance:
  m_ObjectHideFlags: 0
  serializedVersion: 2
  m_Modification:
    m_TransformParent: {fileID: 3462321732648549679}
    m_Modifications:
    - target: {fileID: 5270944045492366935, guid: 3f460ce4f4677024d8381b47f34f0ccb,
        type: 3}
      propertyPath: m_Name
      value: Bush (16)
      objectReference: {fileID: 0}
    - target: {fileID: 5270944045492366935, guid: 3f460ce4f4677024d8381b47f34f0ccb,
        type: 3}
      propertyPath: m_StaticEditorFlags
      value: 8
      objectReference: {fileID: 0}
    - target: {fileID: 5270944045492366935, guid: 3f460ce4f4677024d8381b47f34f0ccb,
        type: 3}
      propertyPath: m_NavMeshLayer
      value: 1
      objectReference: {fileID: 0}
    - target: {fileID: 6263410353169653881, guid: 3f460ce4f4677024d8381b47f34f0ccb,
        type: 3}
      propertyPath: m_LocalPosition.x
      value: 2.798329
      objectReference: {fileID: 0}
    - target: {fileID: 6263410353169653881, guid: 3f460ce4f4677024d8381b47f34f0ccb,
        type: 3}
      propertyPath: m_LocalPosition.y
      value: 2.2922173
      objectReference: {fileID: 0}
    - target: {fileID: 6263410353169653881, guid: 3f460ce4f4677024d8381b47f34f0ccb,
        type: 3}
      propertyPath: m_LocalPosition.z
      value: 11.943553
      objectReference: {fileID: 0}
    - target: {fileID: 6263410353169653881, guid: 3f460ce4f4677024d8381b47f34f0ccb,
        type: 3}
      propertyPath: m_LocalRotation.x
      value: -0.2325776
      objectReference: {fileID: 0}
    - target: {fileID: 6263410353169653881, guid: 3f460ce4f4677024d8381b47f34f0ccb,
        type: 3}
      propertyPath: m_LocalRotation.y
      value: 0.67663383
      objectReference: {fileID: 0}
    - target: {fileID: 6263410353169653881, guid: 3f460ce4f4677024d8381b47f34f0ccb,
        type: 3}
      propertyPath: m_LocalRotation.z
      value: 0.662555
      objectReference: {fileID: 0}
    - target: {fileID: 6263410353169653881, guid: 3f460ce4f4677024d8381b47f34f0ccb,
        type: 3}
      propertyPath: m_LocalRotation.w
      value: 0.22157452
      objectReference: {fileID: 0}
    - target: {fileID: 6263410353169653881, guid: 3f460ce4f4677024d8381b47f34f0ccb,
        type: 3}
      propertyPath: m_RootOrder
      value: 7
      objectReference: {fileID: 0}
    - target: {fileID: 6263410353169653881, guid: 3f460ce4f4677024d8381b47f34f0ccb,
        type: 3}
      propertyPath: m_LocalEulerAnglesHint.x
      value: -91.448
      objectReference: {fileID: 0}
    - target: {fileID: 6263410353169653881, guid: 3f460ce4f4677024d8381b47f34f0ccb,
        type: 3}
      propertyPath: m_LocalEulerAnglesHint.y
      value: 19.275986
      objectReference: {fileID: 0}
    - target: {fileID: 6263410353169653881, guid: 3f460ce4f4677024d8381b47f34f0ccb,
        type: 3}
      propertyPath: m_LocalEulerAnglesHint.z
      value: 123.257996
      objectReference: {fileID: 0}
    - target: {fileID: 6263410353169653881, guid: 3f460ce4f4677024d8381b47f34f0ccb,
        type: 3}
      propertyPath: m_LocalScale.x
      value: 33.333332
      objectReference: {fileID: 0}
    - target: {fileID: 6263410353169653881, guid: 3f460ce4f4677024d8381b47f34f0ccb,
        type: 3}
      propertyPath: m_LocalScale.y
      value: 33.333336
      objectReference: {fileID: 0}
    - target: {fileID: 6263410353169653881, guid: 3f460ce4f4677024d8381b47f34f0ccb,
        type: 3}
      propertyPath: m_LocalScale.z
      value: 29.952
      objectReference: {fileID: 0}
    - target: {fileID: 8560527219526967262, guid: 3f460ce4f4677024d8381b47f34f0ccb,
        type: 3}
      propertyPath: m_Materials.Array.data[0]
      value: 
      objectReference: {fileID: 2100000, guid: 8d49ed467d3f2f44393a622abf69d470, type: 2}
    m_RemovedComponents: []
  m_SourcePrefab: {fileID: 100100000, guid: 3f460ce4f4677024d8381b47f34f0ccb, type: 3}
--- !u!1 &2592437388734931722 stripped
GameObject:
  m_CorrespondingSourceObject: {fileID: 5270944045492366935, guid: 3f460ce4f4677024d8381b47f34f0ccb,
    type: 3}
  m_PrefabInstance: {fileID: 7700055572530646365}
  m_PrefabAsset: {fileID: 0}
--- !u!4 &4336980979091156260 stripped
Transform:
  m_CorrespondingSourceObject: {fileID: 6263410353169653881, guid: 3f460ce4f4677024d8381b47f34f0ccb,
    type: 3}
  m_PrefabInstance: {fileID: 7700055572530646365}
  m_PrefabAsset: {fileID: 0}
--- !u!1001 &7700055572567478790
PrefabInstance:
  m_ObjectHideFlags: 0
  serializedVersion: 2
  m_Modification:
    m_TransformParent: {fileID: 3462321732648549679}
    m_Modifications:
    - target: {fileID: 6906815224750217237, guid: 6794a545fb355524fa8fedf594b90f2c,
        type: 3}
      propertyPath: m_Materials.Array.data[0]
      value: 
      objectReference: {fileID: 2100000, guid: 8d49ed467d3f2f44393a622abf69d470, type: 2}
    - target: {fileID: 6931834026894354844, guid: 6794a545fb355524fa8fedf594b90f2c,
        type: 3}
      propertyPath: m_Name
      value: Bush 1 (6)
      objectReference: {fileID: 0}
    - target: {fileID: 6931834026894354844, guid: 6794a545fb355524fa8fedf594b90f2c,
        type: 3}
      propertyPath: m_StaticEditorFlags
      value: 8
      objectReference: {fileID: 0}
    - target: {fileID: 6931834026894354844, guid: 6794a545fb355524fa8fedf594b90f2c,
        type: 3}
      propertyPath: m_NavMeshLayer
      value: 1
      objectReference: {fileID: 0}
    - target: {fileID: 9221383548981143474, guid: 6794a545fb355524fa8fedf594b90f2c,
        type: 3}
      propertyPath: m_LocalPosition.x
      value: 3.7474442
      objectReference: {fileID: 0}
    - target: {fileID: 9221383548981143474, guid: 6794a545fb355524fa8fedf594b90f2c,
        type: 3}
      propertyPath: m_LocalPosition.y
      value: 2.3257415
      objectReference: {fileID: 0}
    - target: {fileID: 9221383548981143474, guid: 6794a545fb355524fa8fedf594b90f2c,
        type: 3}
      propertyPath: m_LocalPosition.z
      value: 8.510288
      objectReference: {fileID: 0}
    - target: {fileID: 9221383548981143474, guid: 6794a545fb355524fa8fedf594b90f2c,
        type: 3}
      propertyPath: m_LocalRotation.x
      value: 0.5309646
      objectReference: {fileID: 0}
    - target: {fileID: 9221383548981143474, guid: 6794a545fb355524fa8fedf594b90f2c,
        type: 3}
      propertyPath: m_LocalRotation.y
      value: 0.48475036
      objectReference: {fileID: 0}
    - target: {fileID: 9221383548981143474, guid: 6794a545fb355524fa8fedf594b90f2c,
        type: 3}
      propertyPath: m_LocalRotation.z
      value: 0.60116005
      objectReference: {fileID: 0}
    - target: {fileID: 9221383548981143474, guid: 6794a545fb355524fa8fedf594b90f2c,
        type: 3}
      propertyPath: m_LocalRotation.w
      value: -0.34885564
      objectReference: {fileID: 0}
    - target: {fileID: 9221383548981143474, guid: 6794a545fb355524fa8fedf594b90f2c,
        type: 3}
      propertyPath: m_RootOrder
      value: 8
      objectReference: {fileID: 0}
    - target: {fileID: 9221383548981143474, guid: 6794a545fb355524fa8fedf594b90f2c,
        type: 3}
      propertyPath: m_LocalEulerAnglesHint.x
      value: -107.58199
      objectReference: {fileID: 0}
    - target: {fileID: 9221383548981143474, guid: 6794a545fb355524fa8fedf594b90f2c,
        type: 3}
      propertyPath: m_LocalEulerAnglesHint.y
      value: 276.427
      objectReference: {fileID: 0}
    - target: {fileID: 9221383548981143474, guid: 6794a545fb355524fa8fedf594b90f2c,
        type: 3}
      propertyPath: m_LocalEulerAnglesHint.z
      value: -18.396973
      objectReference: {fileID: 0}
    - target: {fileID: 9221383548981143474, guid: 6794a545fb355524fa8fedf594b90f2c,
        type: 3}
      propertyPath: m_LocalScale.x
      value: 76.912964
      objectReference: {fileID: 0}
    - target: {fileID: 9221383548981143474, guid: 6794a545fb355524fa8fedf594b90f2c,
        type: 3}
      propertyPath: m_LocalScale.y
      value: 54.46493
      objectReference: {fileID: 0}
    - target: {fileID: 9221383548981143474, guid: 6794a545fb355524fa8fedf594b90f2c,
        type: 3}
      propertyPath: m_LocalScale.z
      value: 81.740906
      objectReference: {fileID: 0}
    m_RemovedComponents: []
  m_SourcePrefab: {fileID: 100100000, guid: 6794a545fb355524fa8fedf594b90f2c, type: 3}
--- !u!4 &1523616095578109364 stripped
Transform:
  m_CorrespondingSourceObject: {fileID: 9221383548981143474, guid: 6794a545fb355524fa8fedf594b90f2c,
    type: 3}
  m_PrefabInstance: {fileID: 7700055572567478790}
  m_PrefabAsset: {fileID: 0}
--- !u!1 &787784606780111770 stripped
GameObject:
  m_CorrespondingSourceObject: {fileID: 6931834026894354844, guid: 6794a545fb355524fa8fedf594b90f2c,
    type: 3}
  m_PrefabInstance: {fileID: 7700055572567478790}
  m_PrefabAsset: {fileID: 0}
--- !u!1001 &7700055572840829818
PrefabInstance:
  m_ObjectHideFlags: 0
  serializedVersion: 2
  m_Modification:
    m_TransformParent: {fileID: 3462321732648549679}
    m_Modifications:
    - target: {fileID: 5270944045492366935, guid: 3f460ce4f4677024d8381b47f34f0ccb,
        type: 3}
      propertyPath: m_Name
      value: Bush (15)
      objectReference: {fileID: 0}
    - target: {fileID: 5270944045492366935, guid: 3f460ce4f4677024d8381b47f34f0ccb,
        type: 3}
      propertyPath: m_StaticEditorFlags
      value: 8
      objectReference: {fileID: 0}
    - target: {fileID: 5270944045492366935, guid: 3f460ce4f4677024d8381b47f34f0ccb,
        type: 3}
      propertyPath: m_NavMeshLayer
      value: 1
      objectReference: {fileID: 0}
    - target: {fileID: 6263410353169653881, guid: 3f460ce4f4677024d8381b47f34f0ccb,
        type: 3}
      propertyPath: m_LocalPosition.x
      value: 3.68
      objectReference: {fileID: 0}
    - target: {fileID: 6263410353169653881, guid: 3f460ce4f4677024d8381b47f34f0ccb,
        type: 3}
      propertyPath: m_LocalPosition.y
      value: 2.2346444
      objectReference: {fileID: 0}
    - target: {fileID: 6263410353169653881, guid: 3f460ce4f4677024d8381b47f34f0ccb,
        type: 3}
      propertyPath: m_LocalPosition.z
      value: 11.54
      objectReference: {fileID: 0}
    - target: {fileID: 6263410353169653881, guid: 3f460ce4f4677024d8381b47f34f0ccb,
        type: 3}
      propertyPath: m_LocalRotation.x
      value: -0.15380135
      objectReference: {fileID: 0}
    - target: {fileID: 6263410353169653881, guid: 3f460ce4f4677024d8381b47f34f0ccb,
        type: 3}
      propertyPath: m_LocalRotation.y
      value: 0.669468
      objectReference: {fileID: 0}
    - target: {fileID: 6263410353169653881, guid: 3f460ce4f4677024d8381b47f34f0ccb,
        type: 3}
      propertyPath: m_LocalRotation.z
      value: 0.6622945
      objectReference: {fileID: 0}
    - target: {fileID: 6263410353169653881, guid: 3f460ce4f4677024d8381b47f34f0ccb,
        type: 3}
      propertyPath: m_LocalRotation.w
      value: 0.2992052
      objectReference: {fileID: 0}
    - target: {fileID: 6263410353169653881, guid: 3f460ce4f4677024d8381b47f34f0ccb,
        type: 3}
      propertyPath: m_RootOrder
      value: 6
      objectReference: {fileID: 0}
    - target: {fileID: 6263410353169653881, guid: 3f460ce4f4677024d8381b47f34f0ccb,
        type: 3}
      propertyPath: m_LocalEulerAnglesHint.x
      value: -78.18301
      objectReference: {fileID: 0}
    - target: {fileID: 6263410353169653881, guid: 3f460ce4f4677024d8381b47f34f0ccb,
        type: 3}
      propertyPath: m_LocalEulerAnglesHint.y
      value: 74.038
      objectReference: {fileID: 0}
    - target: {fileID: 6263410353169653881, guid: 3f460ce4f4677024d8381b47f34f0ccb,
        type: 3}
      propertyPath: m_LocalEulerAnglesHint.z
      value: 68.39001
      objectReference: {fileID: 0}
    - target: {fileID: 6263410353169653881, guid: 3f460ce4f4677024d8381b47f34f0ccb,
        type: 3}
      propertyPath: m_LocalScale.x
      value: 80.77911
      objectReference: {fileID: 0}
    - target: {fileID: 6263410353169653881, guid: 3f460ce4f4677024d8381b47f34f0ccb,
        type: 3}
      propertyPath: m_LocalScale.y
      value: 80.7791
      objectReference: {fileID: 0}
    - target: {fileID: 6263410353169653881, guid: 3f460ce4f4677024d8381b47f34f0ccb,
        type: 3}
      propertyPath: m_LocalScale.z
      value: 63.94313
      objectReference: {fileID: 0}
    - target: {fileID: 8560527219526967262, guid: 3f460ce4f4677024d8381b47f34f0ccb,
        type: 3}
      propertyPath: m_Materials.Array.data[0]
      value: 
      objectReference: {fileID: 2100000, guid: 8d49ed467d3f2f44393a622abf69d470, type: 2}
    m_RemovedComponents: []
  m_SourcePrefab: {fileID: 100100000, guid: 3f460ce4f4677024d8381b47f34f0ccb, type: 3}
--- !u!1 &2592437389229669677 stripped
GameObject:
  m_CorrespondingSourceObject: {fileID: 5270944045492366935, guid: 3f460ce4f4677024d8381b47f34f0ccb,
    type: 3}
  m_PrefabInstance: {fileID: 7700055572840829818}
  m_PrefabAsset: {fileID: 0}
--- !u!4 &4336980978797884163 stripped
Transform:
  m_CorrespondingSourceObject: {fileID: 6263410353169653881, guid: 3f460ce4f4677024d8381b47f34f0ccb,
    type: 3}
  m_PrefabInstance: {fileID: 7700055572840829818}
  m_PrefabAsset: {fileID: 0}
--- !u!1001 &7700055573125688908
PrefabInstance:
  m_ObjectHideFlags: 0
  serializedVersion: 2
  m_Modification:
    m_TransformParent: {fileID: 3462321732648549679}
    m_Modifications:
    - target: {fileID: 5270944045492366935, guid: 3f460ce4f4677024d8381b47f34f0ccb,
        type: 3}
      propertyPath: m_Name
      value: Bush (10)
      objectReference: {fileID: 0}
    - target: {fileID: 6263410353169653881, guid: 3f460ce4f4677024d8381b47f34f0ccb,
        type: 3}
      propertyPath: m_LocalPosition.x
      value: 2.9260688
      objectReference: {fileID: 0}
    - target: {fileID: 6263410353169653881, guid: 3f460ce4f4677024d8381b47f34f0ccb,
        type: 3}
      propertyPath: m_LocalPosition.y
      value: 2.15
      objectReference: {fileID: 0}
    - target: {fileID: 6263410353169653881, guid: 3f460ce4f4677024d8381b47f34f0ccb,
        type: 3}
      propertyPath: m_LocalPosition.z
      value: 10.944747
      objectReference: {fileID: 0}
    - target: {fileID: 6263410353169653881, guid: 3f460ce4f4677024d8381b47f34f0ccb,
        type: 3}
      propertyPath: m_LocalRotation.x
      value: -0.1348502
      objectReference: {fileID: 0}
    - target: {fileID: 6263410353169653881, guid: 3f460ce4f4677024d8381b47f34f0ccb,
        type: 3}
      propertyPath: m_LocalRotation.y
      value: 0.7022616
      objectReference: {fileID: 0}
    - target: {fileID: 6263410353169653881, guid: 3f460ce4f4677024d8381b47f34f0ccb,
        type: 3}
      propertyPath: m_LocalRotation.z
      value: 0.68764573
      objectReference: {fileID: 0}
    - target: {fileID: 6263410353169653881, guid: 3f460ce4f4677024d8381b47f34f0ccb,
        type: 3}
      propertyPath: m_LocalRotation.w
      value: 0.12564808
      objectReference: {fileID: 0}
    - target: {fileID: 6263410353169653881, guid: 3f460ce4f4677024d8381b47f34f0ccb,
        type: 3}
      propertyPath: m_RootOrder
      value: 1
      objectReference: {fileID: 0}
    - target: {fileID: 6263410353169653881, guid: 3f460ce4f4677024d8381b47f34f0ccb,
        type: 3}
      propertyPath: m_LocalEulerAnglesHint.x
      value: -91.398994
      objectReference: {fileID: 0}
    - target: {fileID: 6263410353169653881, guid: 3f460ce4f4677024d8381b47f34f0ccb,
        type: 3}
      propertyPath: m_LocalEulerAnglesHint.y
      value: 21.578995
      objectReference: {fileID: 0}
    - target: {fileID: 6263410353169653881, guid: 3f460ce4f4677024d8381b47f34f0ccb,
        type: 3}
      propertyPath: m_LocalEulerAnglesHint.z
      value: 137.19
      objectReference: {fileID: 0}
    - target: {fileID: 6263410353169653881, guid: 3f460ce4f4677024d8381b47f34f0ccb,
        type: 3}
      propertyPath: m_LocalScale.x
      value: 38.08
      objectReference: {fileID: 0}
    - target: {fileID: 6263410353169653881, guid: 3f460ce4f4677024d8381b47f34f0ccb,
        type: 3}
      propertyPath: m_LocalScale.y
      value: 38.08
      objectReference: {fileID: 0}
    - target: {fileID: 6263410353169653881, guid: 3f460ce4f4677024d8381b47f34f0ccb,
        type: 3}
      propertyPath: m_LocalScale.z
      value: 22.848001
      objectReference: {fileID: 0}
    - target: {fileID: 8560527219526967262, guid: 3f460ce4f4677024d8381b47f34f0ccb,
        type: 3}
      propertyPath: m_Materials.Array.data[0]
      value: 
      objectReference: {fileID: 2100000, guid: 8d49ed467d3f2f44393a622abf69d470, type: 2}
    m_RemovedComponents: []
  m_SourcePrefab: {fileID: 100100000, guid: 3f460ce4f4677024d8381b47f34f0ccb, type: 3}
--- !u!4 &4336980978510728757 stripped
Transform:
  m_CorrespondingSourceObject: {fileID: 6263410353169653881, guid: 3f460ce4f4677024d8381b47f34f0ccb,
    type: 3}
  m_PrefabInstance: {fileID: 7700055573125688908}
  m_PrefabAsset: {fileID: 0}
--- !u!1 &2592437387298865179 stripped
GameObject:
  m_CorrespondingSourceObject: {fileID: 5270944045492366935, guid: 3f460ce4f4677024d8381b47f34f0ccb,
    type: 3}
  m_PrefabInstance: {fileID: 7700055573125688908}
  m_PrefabAsset: {fileID: 0}
--- !u!1001 &7700055573182735615
PrefabInstance:
  m_ObjectHideFlags: 0
  serializedVersion: 2
  m_Modification:
    m_TransformParent: {fileID: 3462321732648549679}
    m_Modifications:
    - target: {fileID: 5270944045492366935, guid: 3f460ce4f4677024d8381b47f34f0ccb,
        type: 3}
      propertyPath: m_Name
      value: Bush (13)
      objectReference: {fileID: 0}
    - target: {fileID: 5270944045492366935, guid: 3f460ce4f4677024d8381b47f34f0ccb,
        type: 3}
      propertyPath: m_StaticEditorFlags
      value: 8
      objectReference: {fileID: 0}
    - target: {fileID: 5270944045492366935, guid: 3f460ce4f4677024d8381b47f34f0ccb,
        type: 3}
      propertyPath: m_NavMeshLayer
      value: 1
      objectReference: {fileID: 0}
    - target: {fileID: 6263410353169653881, guid: 3f460ce4f4677024d8381b47f34f0ccb,
        type: 3}
      propertyPath: m_LocalPosition.x
      value: 3.4900002
      objectReference: {fileID: 0}
    - target: {fileID: 6263410353169653881, guid: 3f460ce4f4677024d8381b47f34f0ccb,
        type: 3}
      propertyPath: m_LocalPosition.y
      value: 2.18
      objectReference: {fileID: 0}
    - target: {fileID: 6263410353169653881, guid: 3f460ce4f4677024d8381b47f34f0ccb,
        type: 3}
      propertyPath: m_LocalPosition.z
      value: 12.38
      objectReference: {fileID: 0}
    - target: {fileID: 6263410353169653881, guid: 3f460ce4f4677024d8381b47f34f0ccb,
        type: 3}
      propertyPath: m_LocalRotation.x
      value: -0.2325776
      objectReference: {fileID: 0}
    - target: {fileID: 6263410353169653881, guid: 3f460ce4f4677024d8381b47f34f0ccb,
        type: 3}
      propertyPath: m_LocalRotation.y
      value: 0.67663383
      objectReference: {fileID: 0}
    - target: {fileID: 6263410353169653881, guid: 3f460ce4f4677024d8381b47f34f0ccb,
        type: 3}
      propertyPath: m_LocalRotation.z
      value: 0.662555
      objectReference: {fileID: 0}
    - target: {fileID: 6263410353169653881, guid: 3f460ce4f4677024d8381b47f34f0ccb,
        type: 3}
      propertyPath: m_LocalRotation.w
      value: 0.22157452
      objectReference: {fileID: 0}
    - target: {fileID: 6263410353169653881, guid: 3f460ce4f4677024d8381b47f34f0ccb,
        type: 3}
      propertyPath: m_RootOrder
      value: 4
      objectReference: {fileID: 0}
    - target: {fileID: 6263410353169653881, guid: 3f460ce4f4677024d8381b47f34f0ccb,
        type: 3}
      propertyPath: m_LocalEulerAnglesHint.x
      value: -91.448
      objectReference: {fileID: 0}
    - target: {fileID: 6263410353169653881, guid: 3f460ce4f4677024d8381b47f34f0ccb,
        type: 3}
      propertyPath: m_LocalEulerAnglesHint.y
      value: 19.275986
      objectReference: {fileID: 0}
    - target: {fileID: 6263410353169653881, guid: 3f460ce4f4677024d8381b47f34f0ccb,
        type: 3}
      propertyPath: m_LocalEulerAnglesHint.z
      value: 123.257996
      objectReference: {fileID: 0}
    - target: {fileID: 6263410353169653881, guid: 3f460ce4f4677024d8381b47f34f0ccb,
        type: 3}
      propertyPath: m_LocalScale.x
      value: 47.569996
      objectReference: {fileID: 0}
    - target: {fileID: 6263410353169653881, guid: 3f460ce4f4677024d8381b47f34f0ccb,
        type: 3}
      propertyPath: m_LocalScale.y
      value: 47.57
      objectReference: {fileID: 0}
    - target: {fileID: 6263410353169653881, guid: 3f460ce4f4677024d8381b47f34f0ccb,
        type: 3}
      propertyPath: m_LocalScale.z
      value: 28.542004
      objectReference: {fileID: 0}
    - target: {fileID: 8560527219526967262, guid: 3f460ce4f4677024d8381b47f34f0ccb,
        type: 3}
      propertyPath: m_Materials.Array.data[0]
      value: 
      objectReference: {fileID: 2100000, guid: 8d49ed467d3f2f44393a622abf69d470, type: 2}
    m_RemovedComponents: []
  m_SourcePrefab: {fileID: 100100000, guid: 3f460ce4f4677024d8381b47f34f0ccb, type: 3}
--- !u!4 &4336980978439062662 stripped
Transform:
  m_CorrespondingSourceObject: {fileID: 6263410353169653881, guid: 3f460ce4f4677024d8381b47f34f0ccb,
    type: 3}
  m_PrefabInstance: {fileID: 7700055573182735615}
  m_PrefabAsset: {fileID: 0}
--- !u!1 &2592437387239525032 stripped
GameObject:
  m_CorrespondingSourceObject: {fileID: 5270944045492366935, guid: 3f460ce4f4677024d8381b47f34f0ccb,
    type: 3}
  m_PrefabInstance: {fileID: 7700055573182735615}
  m_PrefabAsset: {fileID: 0}
--- !u!1001 &7700055573344000225
PrefabInstance:
  m_ObjectHideFlags: 0
  serializedVersion: 2
  m_Modification:
    m_TransformParent: {fileID: 3462321732648549679}
    m_Modifications:
    - target: {fileID: 6906815224750217237, guid: 6794a545fb355524fa8fedf594b90f2c,
        type: 3}
      propertyPath: m_Materials.Array.data[0]
      value: 
      objectReference: {fileID: 2100000, guid: 8d49ed467d3f2f44393a622abf69d470, type: 2}
    - target: {fileID: 6931834026894354844, guid: 6794a545fb355524fa8fedf594b90f2c,
        type: 3}
      propertyPath: m_Name
      value: Bush 1 (7)
      objectReference: {fileID: 0}
    - target: {fileID: 6931834026894354844, guid: 6794a545fb355524fa8fedf594b90f2c,
        type: 3}
      propertyPath: m_StaticEditorFlags
      value: 8
      objectReference: {fileID: 0}
    - target: {fileID: 6931834026894354844, guid: 6794a545fb355524fa8fedf594b90f2c,
        type: 3}
      propertyPath: m_NavMeshLayer
      value: 1
      objectReference: {fileID: 0}
    - target: {fileID: 9221383548981143474, guid: 6794a545fb355524fa8fedf594b90f2c,
        type: 3}
      propertyPath: m_LocalPosition.x
      value: 3.6854734
      objectReference: {fileID: 0}
    - target: {fileID: 9221383548981143474, guid: 6794a545fb355524fa8fedf594b90f2c,
        type: 3}
      propertyPath: m_LocalPosition.y
      value: 2.2573204
      objectReference: {fileID: 0}
    - target: {fileID: 9221383548981143474, guid: 6794a545fb355524fa8fedf594b90f2c,
        type: 3}
      propertyPath: m_LocalPosition.z
      value: 9.16563
      objectReference: {fileID: 0}
    - target: {fileID: 9221383548981143474, guid: 6794a545fb355524fa8fedf594b90f2c,
        type: 3}
      propertyPath: m_LocalRotation.x
      value: 0.12842296
      objectReference: {fileID: 0}
    - target: {fileID: 9221383548981143474, guid: 6794a545fb355524fa8fedf594b90f2c,
        type: 3}
      propertyPath: m_LocalRotation.y
      value: 0.6511559
      objectReference: {fileID: 0}
    - target: {fileID: 9221383548981143474, guid: 6794a545fb355524fa8fedf594b90f2c,
        type: 3}
      propertyPath: m_LocalRotation.z
      value: 0.7430329
      objectReference: {fileID: 0}
    - target: {fileID: 9221383548981143474, guid: 6794a545fb355524fa8fedf594b90f2c,
        type: 3}
      propertyPath: m_LocalRotation.w
      value: 0.08605635
      objectReference: {fileID: 0}
    - target: {fileID: 9221383548981143474, guid: 6794a545fb355524fa8fedf594b90f2c,
        type: 3}
      propertyPath: m_RootOrder
      value: 9
      objectReference: {fileID: 0}
    - target: {fileID: 9221383548981143474, guid: 6794a545fb355524fa8fedf594b90f2c,
        type: 3}
      propertyPath: m_LocalEulerAnglesHint.x
      value: -108.993
      objectReference: {fileID: 0}
    - target: {fileID: 9221383548981143474, guid: 6794a545fb355524fa8fedf594b90f2c,
        type: 3}
      propertyPath: m_LocalEulerAnglesHint.y
      value: 248.552
      objectReference: {fileID: 0}
    - target: {fileID: 9221383548981143474, guid: 6794a545fb355524fa8fedf594b90f2c,
        type: 3}
      propertyPath: m_LocalEulerAnglesHint.z
      value: -65.07001
      objectReference: {fileID: 0}
    - target: {fileID: 9221383548981143474, guid: 6794a545fb355524fa8fedf594b90f2c,
        type: 3}
      propertyPath: m_LocalScale.x
      value: 45.462776
      objectReference: {fileID: 0}
    - target: {fileID: 9221383548981143474, guid: 6794a545fb355524fa8fedf594b90f2c,
        type: 3}
      propertyPath: m_LocalScale.y
      value: 34.895515
      objectReference: {fileID: 0}
    - target: {fileID: 9221383548981143474, guid: 6794a545fb355524fa8fedf594b90f2c,
        type: 3}
      propertyPath: m_LocalScale.z
      value: 24.252644
      objectReference: {fileID: 0}
    m_RemovedComponents: []
  m_SourcePrefab: {fileID: 100100000, guid: 6794a545fb355524fa8fedf594b90f2c, type: 3}
--- !u!1 &787784608160641405 stripped
GameObject:
  m_CorrespondingSourceObject: {fileID: 6931834026894354844, guid: 6794a545fb355524fa8fedf594b90f2c,
    type: 3}
  m_PrefabInstance: {fileID: 7700055573344000225}
  m_PrefabAsset: {fileID: 0}
--- !u!4 &1523616096153337683 stripped
Transform:
  m_CorrespondingSourceObject: {fileID: 9221383548981143474, guid: 6794a545fb355524fa8fedf594b90f2c,
    type: 3}
  m_PrefabInstance: {fileID: 7700055573344000225}
  m_PrefabAsset: {fileID: 0}
--- !u!1001 &7700055573379461435
PrefabInstance:
  m_ObjectHideFlags: 0
  serializedVersion: 2
  m_Modification:
    m_TransformParent: {fileID: 3462321732648549679}
    m_Modifications:
    - target: {fileID: 5270944045492366935, guid: 3f460ce4f4677024d8381b47f34f0ccb,
        type: 3}
      propertyPath: m_Name
      value: Bush (11)
      objectReference: {fileID: 0}
    - target: {fileID: 6263410353169653881, guid: 3f460ce4f4677024d8381b47f34f0ccb,
        type: 3}
      propertyPath: m_LocalPosition.x
      value: 3.5943556
      objectReference: {fileID: 0}
    - target: {fileID: 6263410353169653881, guid: 3f460ce4f4677024d8381b47f34f0ccb,
        type: 3}
      propertyPath: m_LocalPosition.y
      value: 2.2166228
      objectReference: {fileID: 0}
    - target: {fileID: 6263410353169653881, guid: 3f460ce4f4677024d8381b47f34f0ccb,
        type: 3}
      propertyPath: m_LocalPosition.z
      value: 9.631758
      objectReference: {fileID: 0}
    - target: {fileID: 6263410353169653881, guid: 3f460ce4f4677024d8381b47f34f0ccb,
        type: 3}
      propertyPath: m_LocalRotation.x
      value: -0.1348502
      objectReference: {fileID: 0}
    - target: {fileID: 6263410353169653881, guid: 3f460ce4f4677024d8381b47f34f0ccb,
        type: 3}
      propertyPath: m_LocalRotation.y
      value: 0.7022616
      objectReference: {fileID: 0}
    - target: {fileID: 6263410353169653881, guid: 3f460ce4f4677024d8381b47f34f0ccb,
        type: 3}
      propertyPath: m_LocalRotation.z
      value: 0.68764573
      objectReference: {fileID: 0}
    - target: {fileID: 6263410353169653881, guid: 3f460ce4f4677024d8381b47f34f0ccb,
        type: 3}
      propertyPath: m_LocalRotation.w
      value: 0.12564808
      objectReference: {fileID: 0}
    - target: {fileID: 6263410353169653881, guid: 3f460ce4f4677024d8381b47f34f0ccb,
        type: 3}
      propertyPath: m_RootOrder
      value: 2
      objectReference: {fileID: 0}
    - target: {fileID: 6263410353169653881, guid: 3f460ce4f4677024d8381b47f34f0ccb,
        type: 3}
      propertyPath: m_LocalEulerAnglesHint.x
      value: -91.398994
      objectReference: {fileID: 0}
    - target: {fileID: 6263410353169653881, guid: 3f460ce4f4677024d8381b47f34f0ccb,
        type: 3}
      propertyPath: m_LocalEulerAnglesHint.y
      value: 21.578995
      objectReference: {fileID: 0}
    - target: {fileID: 6263410353169653881, guid: 3f460ce4f4677024d8381b47f34f0ccb,
        type: 3}
      propertyPath: m_LocalEulerAnglesHint.z
      value: 137.19
      objectReference: {fileID: 0}
    - target: {fileID: 6263410353169653881, guid: 3f460ce4f4677024d8381b47f34f0ccb,
        type: 3}
      propertyPath: m_LocalScale.x
      value: 38.08
      objectReference: {fileID: 0}
    - target: {fileID: 6263410353169653881, guid: 3f460ce4f4677024d8381b47f34f0ccb,
        type: 3}
      propertyPath: m_LocalScale.y
      value: 38.08
      objectReference: {fileID: 0}
    - target: {fileID: 6263410353169653881, guid: 3f460ce4f4677024d8381b47f34f0ccb,
        type: 3}
      propertyPath: m_LocalScale.z
      value: 22.848001
      objectReference: {fileID: 0}
    - target: {fileID: 8560527219526967262, guid: 3f460ce4f4677024d8381b47f34f0ccb,
        type: 3}
      propertyPath: m_Materials.Array.data[0]
      value: 
      objectReference: {fileID: 2100000, guid: 8d49ed467d3f2f44393a622abf69d470, type: 2}
    m_RemovedComponents: []
  m_SourcePrefab: {fileID: 100100000, guid: 3f460ce4f4677024d8381b47f34f0ccb, type: 3}
--- !u!4 &4336980978231857474 stripped
Transform:
  m_CorrespondingSourceObject: {fileID: 6263410353169653881, guid: 3f460ce4f4677024d8381b47f34f0ccb,
    type: 3}
  m_PrefabInstance: {fileID: 7700055573379461435}
  m_PrefabAsset: {fileID: 0}
--- !u!1 &2592437387569454956 stripped
GameObject:
  m_CorrespondingSourceObject: {fileID: 5270944045492366935, guid: 3f460ce4f4677024d8381b47f34f0ccb,
    type: 3}
  m_PrefabInstance: {fileID: 7700055573379461435}
  m_PrefabAsset: {fileID: 0}
--- !u!1001 &7700055573762795978
PrefabInstance:
  m_ObjectHideFlags: 0
  serializedVersion: 2
  m_Modification:
    m_TransformParent: {fileID: 3462321732648549679}
    m_Modifications:
    - target: {fileID: 5270944045492366935, guid: 3f460ce4f4677024d8381b47f34f0ccb,
        type: 3}
      propertyPath: m_Name
      value: Bush (14)
      objectReference: {fileID: 0}
    - target: {fileID: 5270944045492366935, guid: 3f460ce4f4677024d8381b47f34f0ccb,
        type: 3}
      propertyPath: m_StaticEditorFlags
      value: 8
      objectReference: {fileID: 0}
    - target: {fileID: 5270944045492366935, guid: 3f460ce4f4677024d8381b47f34f0ccb,
        type: 3}
      propertyPath: m_NavMeshLayer
      value: 1
      objectReference: {fileID: 0}
    - target: {fileID: 6263410353169653881, guid: 3f460ce4f4677024d8381b47f34f0ccb,
        type: 3}
      propertyPath: m_LocalPosition.x
      value: 3.5
      objectReference: {fileID: 0}
    - target: {fileID: 6263410353169653881, guid: 3f460ce4f4677024d8381b47f34f0ccb,
        type: 3}
      propertyPath: m_LocalPosition.y
      value: 2.3226461
      objectReference: {fileID: 0}
    - target: {fileID: 6263410353169653881, guid: 3f460ce4f4677024d8381b47f34f0ccb,
        type: 3}
      propertyPath: m_LocalPosition.z
      value: 12.894023
      objectReference: {fileID: 0}
    - target: {fileID: 6263410353169653881, guid: 3f460ce4f4677024d8381b47f34f0ccb,
        type: 3}
      propertyPath: m_LocalRotation.x
      value: -0.2325776
      objectReference: {fileID: 0}
    - target: {fileID: 6263410353169653881, guid: 3f460ce4f4677024d8381b47f34f0ccb,
        type: 3}
      propertyPath: m_LocalRotation.y
      value: 0.67663383
      objectReference: {fileID: 0}
    - target: {fileID: 6263410353169653881, guid: 3f460ce4f4677024d8381b47f34f0ccb,
        type: 3}
      propertyPath: m_LocalRotation.z
      value: 0.662555
      objectReference: {fileID: 0}
    - target: {fileID: 6263410353169653881, guid: 3f460ce4f4677024d8381b47f34f0ccb,
        type: 3}
      propertyPath: m_LocalRotation.w
      value: 0.22157452
      objectReference: {fileID: 0}
    - target: {fileID: 6263410353169653881, guid: 3f460ce4f4677024d8381b47f34f0ccb,
        type: 3}
      propertyPath: m_RootOrder
      value: 5
      objectReference: {fileID: 0}
    - target: {fileID: 6263410353169653881, guid: 3f460ce4f4677024d8381b47f34f0ccb,
        type: 3}
      propertyPath: m_LocalEulerAnglesHint.x
      value: -91.448
      objectReference: {fileID: 0}
    - target: {fileID: 6263410353169653881, guid: 3f460ce4f4677024d8381b47f34f0ccb,
        type: 3}
      propertyPath: m_LocalEulerAnglesHint.y
      value: 19.275986
      objectReference: {fileID: 0}
    - target: {fileID: 6263410353169653881, guid: 3f460ce4f4677024d8381b47f34f0ccb,
        type: 3}
      propertyPath: m_LocalEulerAnglesHint.z
      value: 123.257996
      objectReference: {fileID: 0}
    - target: {fileID: 6263410353169653881, guid: 3f460ce4f4677024d8381b47f34f0ccb,
        type: 3}
      propertyPath: m_LocalScale.x
      value: 38.08
      objectReference: {fileID: 0}
    - target: {fileID: 6263410353169653881, guid: 3f460ce4f4677024d8381b47f34f0ccb,
        type: 3}
      propertyPath: m_LocalScale.y
      value: 38.08
      objectReference: {fileID: 0}
    - target: {fileID: 6263410353169653881, guid: 3f460ce4f4677024d8381b47f34f0ccb,
        type: 3}
      propertyPath: m_LocalScale.z
      value: 22.848001
      objectReference: {fileID: 0}
    - target: {fileID: 8560527219526967262, guid: 3f460ce4f4677024d8381b47f34f0ccb,
        type: 3}
      propertyPath: m_Materials.Array.data[0]
      value: 
      objectReference: {fileID: 2100000, guid: 8d49ed467d3f2f44393a622abf69d470, type: 2}
    m_RemovedComponents: []
  m_SourcePrefab: {fileID: 100100000, guid: 3f460ce4f4677024d8381b47f34f0ccb, type: 3}
--- !u!4 &4336980977873815987 stripped
Transform:
  m_CorrespondingSourceObject: {fileID: 6263410353169653881, guid: 3f460ce4f4677024d8381b47f34f0ccb,
    type: 3}
  m_PrefabInstance: {fileID: 7700055573762795978}
  m_PrefabAsset: {fileID: 0}
--- !u!1 &2592437388004132765 stripped
GameObject:
  m_CorrespondingSourceObject: {fileID: 5270944045492366935, guid: 3f460ce4f4677024d8381b47f34f0ccb,
    type: 3}
  m_PrefabInstance: {fileID: 7700055573762795978}
  m_PrefabAsset: {fileID: 0}
--- !u!1001 &7700055573914577152
PrefabInstance:
  m_ObjectHideFlags: 0
  serializedVersion: 2
  m_Modification:
    m_TransformParent: {fileID: 3462321732648549679}
    m_Modifications:
    - target: {fileID: 5270944045492366935, guid: 3f460ce4f4677024d8381b47f34f0ccb,
        type: 3}
      propertyPath: m_Name
      value: Bush (12)
      objectReference: {fileID: 0}
    - target: {fileID: 5270944045492366935, guid: 3f460ce4f4677024d8381b47f34f0ccb,
        type: 3}
      propertyPath: m_StaticEditorFlags
      value: 8
      objectReference: {fileID: 0}
    - target: {fileID: 5270944045492366935, guid: 3f460ce4f4677024d8381b47f34f0ccb,
        type: 3}
      propertyPath: m_NavMeshLayer
      value: 1
      objectReference: {fileID: 0}
    - target: {fileID: 6263410353169653881, guid: 3f460ce4f4677024d8381b47f34f0ccb,
        type: 3}
      propertyPath: m_LocalPosition.x
      value: 3.4624145
      objectReference: {fileID: 0}
    - target: {fileID: 6263410353169653881, guid: 3f460ce4f4677024d8381b47f34f0ccb,
        type: 3}
      propertyPath: m_LocalPosition.y
      value: 2.1208997
      objectReference: {fileID: 0}
    - target: {fileID: 6263410353169653881, guid: 3f460ce4f4677024d8381b47f34f0ccb,
        type: 3}
      propertyPath: m_LocalPosition.z
      value: 10.2139845
      objectReference: {fileID: 0}
    - target: {fileID: 6263410353169653881, guid: 3f460ce4f4677024d8381b47f34f0ccb,
        type: 3}
      propertyPath: m_LocalRotation.x
      value: -0.1348502
      objectReference: {fileID: 0}
    - target: {fileID: 6263410353169653881, guid: 3f460ce4f4677024d8381b47f34f0ccb,
        type: 3}
      propertyPath: m_LocalRotation.y
      value: 0.7022616
      objectReference: {fileID: 0}
    - target: {fileID: 6263410353169653881, guid: 3f460ce4f4677024d8381b47f34f0ccb,
        type: 3}
      propertyPath: m_LocalRotation.z
      value: 0.68764573
      objectReference: {fileID: 0}
    - target: {fileID: 6263410353169653881, guid: 3f460ce4f4677024d8381b47f34f0ccb,
        type: 3}
      propertyPath: m_LocalRotation.w
      value: 0.12564808
      objectReference: {fileID: 0}
    - target: {fileID: 6263410353169653881, guid: 3f460ce4f4677024d8381b47f34f0ccb,
        type: 3}
      propertyPath: m_RootOrder
      value: 3
      objectReference: {fileID: 0}
    - target: {fileID: 6263410353169653881, guid: 3f460ce4f4677024d8381b47f34f0ccb,
        type: 3}
      propertyPath: m_LocalEulerAnglesHint.x
      value: -91.398994
      objectReference: {fileID: 0}
    - target: {fileID: 6263410353169653881, guid: 3f460ce4f4677024d8381b47f34f0ccb,
        type: 3}
      propertyPath: m_LocalEulerAnglesHint.y
      value: 21.578995
      objectReference: {fileID: 0}
    - target: {fileID: 6263410353169653881, guid: 3f460ce4f4677024d8381b47f34f0ccb,
        type: 3}
      propertyPath: m_LocalEulerAnglesHint.z
      value: 137.19
      objectReference: {fileID: 0}
    - target: {fileID: 6263410353169653881, guid: 3f460ce4f4677024d8381b47f34f0ccb,
        type: 3}
      propertyPath: m_LocalScale.x
      value: 44.86
      objectReference: {fileID: 0}
    - target: {fileID: 6263410353169653881, guid: 3f460ce4f4677024d8381b47f34f0ccb,
        type: 3}
      propertyPath: m_LocalScale.y
      value: 44.86
      objectReference: {fileID: 0}
    - target: {fileID: 6263410353169653881, guid: 3f460ce4f4677024d8381b47f34f0ccb,
        type: 3}
      propertyPath: m_LocalScale.z
      value: 46.352043
      objectReference: {fileID: 0}
    - target: {fileID: 8560527219526967262, guid: 3f460ce4f4677024d8381b47f34f0ccb,
        type: 3}
      propertyPath: m_Materials.Array.data[0]
      value: 
      objectReference: {fileID: 2100000, guid: 8d49ed467d3f2f44393a622abf69d470, type: 2}
    m_RemovedComponents: []
  m_SourcePrefab: {fileID: 100100000, guid: 3f460ce4f4677024d8381b47f34f0ccb, type: 3}
--- !u!4 &4336980977724131705 stripped
Transform:
  m_CorrespondingSourceObject: {fileID: 6263410353169653881, guid: 3f460ce4f4677024d8381b47f34f0ccb,
    type: 3}
  m_PrefabInstance: {fileID: 7700055573914577152}
  m_PrefabAsset: {fileID: 0}
--- !u!1 &2592437388155914071 stripped
GameObject:
  m_CorrespondingSourceObject: {fileID: 5270944045492366935, guid: 3f460ce4f4677024d8381b47f34f0ccb,
    type: 3}
  m_PrefabInstance: {fileID: 7700055573914577152}
  m_PrefabAsset: {fileID: 0}
--- !u!1001 &7700055574124100264
PrefabInstance:
  m_ObjectHideFlags: 0
  serializedVersion: 2
  m_Modification:
    m_TransformParent: {fileID: 3462321732648549679}
    m_Modifications:
    - target: {fileID: 6906815224750217237, guid: 6794a545fb355524fa8fedf594b90f2c,
        type: 3}
      propertyPath: m_Materials.Array.data[0]
      value: 
      objectReference: {fileID: 2100000, guid: 8d49ed467d3f2f44393a622abf69d470, type: 2}
    - target: {fileID: 6931834026894354844, guid: 6794a545fb355524fa8fedf594b90f2c,
        type: 3}
      propertyPath: m_Name
      value: Bush (17)
      objectReference: {fileID: 0}
    - target: {fileID: 6931834026894354844, guid: 6794a545fb355524fa8fedf594b90f2c,
        type: 3}
      propertyPath: m_StaticEditorFlags
      value: 8
      objectReference: {fileID: 0}
    - target: {fileID: 6931834026894354844, guid: 6794a545fb355524fa8fedf594b90f2c,
        type: 3}
      propertyPath: m_NavMeshLayer
      value: 1
      objectReference: {fileID: 0}
    - target: {fileID: 9221383548981143474, guid: 6794a545fb355524fa8fedf594b90f2c,
        type: 3}
      propertyPath: m_LocalPosition.x
      value: 3.803436
      objectReference: {fileID: 0}
    - target: {fileID: 9221383548981143474, guid: 6794a545fb355524fa8fedf594b90f2c,
        type: 3}
      propertyPath: m_LocalPosition.y
      value: 2.053195
      objectReference: {fileID: 0}
    - target: {fileID: 9221383548981143474, guid: 6794a545fb355524fa8fedf594b90f2c,
        type: 3}
      propertyPath: m_LocalPosition.z
      value: 7.6809225
      objectReference: {fileID: 0}
    - target: {fileID: 9221383548981143474, guid: 6794a545fb355524fa8fedf594b90f2c,
        type: 3}
      propertyPath: m_LocalRotation.x
      value: 0.1557777
      objectReference: {fileID: 0}
    - target: {fileID: 9221383548981143474, guid: 6794a545fb355524fa8fedf594b90f2c,
        type: 3}
      propertyPath: m_LocalRotation.y
      value: 0.6869585
      objectReference: {fileID: 0}
    - target: {fileID: 9221383548981143474, guid: 6794a545fb355524fa8fedf594b90f2c,
        type: 3}
      propertyPath: m_LocalRotation.z
      value: 0.68216974
      objectReference: {fileID: 0}
    - target: {fileID: 9221383548981143474, guid: 6794a545fb355524fa8fedf594b90f2c,
        type: 3}
      propertyPath: m_LocalRotation.w
      value: 0.19612686
      objectReference: {fileID: 0}
    - target: {fileID: 9221383548981143474, guid: 6794a545fb355524fa8fedf594b90f2c,
        type: 3}
      propertyPath: m_RootOrder
      value: 10
      objectReference: {fileID: 0}
    - target: {fileID: 9221383548981143474, guid: 6794a545fb355524fa8fedf594b90f2c,
        type: 3}
      propertyPath: m_LocalEulerAnglesHint.x
      value: -61.180004
      objectReference: {fileID: 0}
    - target: {fileID: 9221383548981143474, guid: 6794a545fb355524fa8fedf594b90f2c,
        type: 3}
      propertyPath: m_LocalEulerAnglesHint.y
      value: 89.092
      objectReference: {fileID: 0}
    - target: {fileID: 9221383548981143474, guid: 6794a545fb355524fa8fedf594b90f2c,
        type: 3}
      propertyPath: m_LocalEulerAnglesHint.z
      value: 87.532005
      objectReference: {fileID: 0}
    - target: {fileID: 9221383548981143474, guid: 6794a545fb355524fa8fedf594b90f2c,
        type: 3}
      propertyPath: m_LocalScale.x
      value: 68.194176
      objectReference: {fileID: 0}
    - target: {fileID: 9221383548981143474, guid: 6794a545fb355524fa8fedf594b90f2c,
        type: 3}
      propertyPath: m_LocalScale.z
      value: 36.378967
      objectReference: {fileID: 0}
    - target: {fileID: 9221383548981143474, guid: 6794a545fb355524fa8fedf594b90f2c,
        type: 3}
      propertyPath: m_LocalScale.y
      value: 52.343277
      objectReference: {fileID: 0}
    m_RemovedComponents: []
  m_SourcePrefab: {fileID: 100100000, guid: 6794a545fb355524fa8fedf594b90f2c, type: 3}
--- !u!1 &787784607900504884 stripped
GameObject:
  m_CorrespondingSourceObject: {fileID: 6931834026894354844, guid: 6794a545fb355524fa8fedf594b90f2c,
    type: 3}
  m_PrefabInstance: {fileID: 7700055574124100264}
  m_PrefabAsset: {fileID: 0}
--- !u!4 &1523616096413293850 stripped
Transform:
  m_CorrespondingSourceObject: {fileID: 9221383548981143474, guid: 6794a545fb355524fa8fedf594b90f2c,
    type: 3}
  m_PrefabInstance: {fileID: 7700055574124100264}
  m_PrefabAsset: {fileID: 0}
